3552 5282
716 657 756 671 ..
774 625 809 689 91
835 637 874 670 4.

266 765 434 856 quentia,
460 764 698 854 plurimisque
727 763 930 834 memoratis
958 779 1035 833 eum
1066 759 1225 850 profanis
1253 767 1329 831 tum

266 890 373 962 etiam
402 888 512 960 saeris
534 888 620 959 viris
647 888 709 978 qui
739 906 815 969 eam
840 885 936 976 apud
966 891 1100 957 veteres
1124 885 1328 967 uoluerunt,

268 1012 459 1084 Gratianus
489 1012 576 1103 quid
608 1013 645 1083 in
679 1018 796 1083 mente
824 1011 953 1082 habeat.
983 1010 1040 1081 his
1072 1009 1332 1101 (6661616616-

268 1143 322 1209 rat
348 1161 356 1208 :
386 1163 400 1200 a
429 1138 523 1207 Peur
550 1135 650 1208 venir
675 1156 720 1207 au
747 1136 813 1206 but
839 1135 884 1207 de
913 1140 1034 1206 nestra
1059 1152 1209 1225 propos,
1236 1133 1332 1206 desir

269 1244 549 1343 et‘intentien,
591 1260 616 1330 il
652 1281 674 1350 y
711 1279 732 1330 6
769 1259 863 1332 deux
902 1259 1079 1330 manieres
1117 1258 1161 1330 de
1198 1259 1329 1331 Rheto-

271 1385 392 1475 rieque
412 1385 585 1476 vulgaire.
611 1384 720 1456 L'une
743 1391 797 1456 est
824 1383 916 1455 diete
945 1383 1172 1472 rhetorisque
1195 1385 1333 1472 presai-

271 1527 360 1599 que,
399 1508 541 1580 l’aultre
580 1509 806 1598 rhetorisque
843 1506 1037 1588 metridee,
1074 1507 1160 1578 e’est
1196 1526 1216 1577 6
1257 1506 1333 1579 dire

272 1634 419 1710 rithme.
442 1633 597 1725 laquelle
623 1651 661 1704 se
689 1632 770 1704 laiet
795 1652 859 1723 par
885 1649 964 1704 rers
991 1639 1025 1703 61
1052 1636 1208 1702 mettres.
1231 1633 1280 1701 De
1301 1633 1335 1701 la

272 1759 496 1849 pressisque,
514 1776 534 1827 a
552 1774 657 1828 cause
673 1756 717 1827 de
732 1756 900 1842 hrelvete,
913 1775 999 1827 reus
1017 1761 1229 1827 remetireus
1244 1773 1336 1846 pour

272 1883 305 1954 le
328 1888 474 1973 present
493 1901 514 1952 a
533 1881 589 1953 feu
609 1882 657 1953 11ο
678 1881 796 1953 Pierre
815 1881 941 1962 Fabri,
963 1899 1007 1952 en
1029 1898 1095 1952 sen
1116 1880 1235 1951 vivant
1254 1880 1336 1952 eure

273 2008 317 2080 de
337 2009 471 2097 llerey,
494 2005 556 2096 qui
577 2025 662 2078 666
688 2006 786 2097 parte
813 2025 856 2079 66
879 2025 945 2078 sen
966 2007 1052 2078 livre
1076 2006 1219 2077 intitule
1241 2003 1338 2074 l’Art

273 2131 316 2200 da
333 2129 458 2222 plaiae
478 2128 693 2222 eretortque
711 2149 811 2201 assez
840 2150 884 2201 66
913 2129 996 2220 leug
1014 2139 1048 2201 et
1072 2118 1117 2201 au
1138 2149 1239 2220 vray,
1261 2147 1339 2219 par·

275 2274 370 2346 quoy
381 2273 419 2327 ee
436 2274 480 2326 ne
495 2257 605 2327 seruit
620 2274 690 2345 que
701 2254 845 2327 rediete.
864 2257 1018 2340 Quanta
1035 2256 1068 2325 16
1084 2255 1176 2326 dicte
1192 2255 1335 2330 rithme.

276 2376 338 2468 qui
360 2398 398 2451 se
418 2378 500 2450 iaiet
520 2398 678 2469 pervers
700 2387 734 2450 et
754 2388 912 2460 mettres,
931 2379 975 2450 de
995 2379 1149 2469 laquelle
1168 2397 1260 2450 neus
1281 2395 1339 2448 en·

276 2502 430 2575 tendens
464 2504 582 2593 parler
616 2521 660 2574 66
693 2510 814 2576 nostre
848 2511 1013 2595 presente
1043 2503 1151 2594 petite
1182 2502 1337 2593 pretaee,

277 2629 394 2717 qu‘est
421 2628 502 2717 plus
525 2628 671 2699 subtille
698 2635 731 2698 et
758 2627 915 2699 diffieille
946 2646 1016 2718 que
1046 2629 1078 2698 16
1103 2627 1195 2699 (11616
1215 2645 1338 2717 prese,

278 2770 365 2824 vous
386 2770 429 2838 en
450 2750 573 2822 direus
590 2760 810 2843 mnyennant
827 2752 861 2822 lu
879 2770 979 2842 graue
1000 2751 1046 2822 du
1064 2753 1185 2824 Sainut
1201 2751 1342 2841 Esperit

279 2876 454 2967 quelques
474 2877 600 2948 eueses
620 2895 727 2948 eueer
745 2895 817 2947 nen
838 2875 1086 2948 desenuvertes
1106 2895 1154 2968 ny
1174 2877 1342 2948 revellees

280 3019 344 3091 par
368 3002 419 3072 les
439 3001 611 3072 autheurs
637 3020 707 3091 que
727 3001 880 3091 iusques
901 3001 954 3092 pei
976 3019 1067 3072 nurus
1089 3007 1171 3073 sent
1191 3019 1302 3072 venun
1323 3019 1343 3070 6

280 3125 396 3196 661166
421 3144 485 3215 par
504 3126 556 3197 les
584 3125 684 3197 laietz
705 3126 748 3196 de
778 3127 874 3197 leurs
901 3144 1049 3198 eeuvres
1079 3125 1285 3217 divulguees
1310 3131 1344 3196 et

281 3249 502 3320 manifestes.
527 3275 544 3316 »
1204 3267 1206 3272 ¹

331 3374 430 3445 Peesi
452 3374 582 3446 deinde
600 3393 677 3446 eum
699 3377 833 3447 musiea
851 3383 1253 3466 comparataquaenam
1273 3374 1346 3445 sint

282 3499 376 3570 inter
402 3517 443 3569 66
469 3499 726 3572 similitudines
754 3500 987 3582 adnumerat;
1018 3499 1148 3571 deinde
1179 3498 1222 3570 de
1256 3516 1345 3569 seue

283 3631 316 3714 61
336 3642 431 3704 veee,
454 3623 498 3695 de
518 3625 659 3707 litteris,
678 3627 841 3717 syllabis,
860 3627 978 3698 verbis
998 3633 1032 3696 61
1052 3643 1217 3696 sermone
1233 3624 1346 3695 disse-

283 3751 342 3831 rit,
364 3751 583 3840 argumentis
609 3753 792 3842 plerisque
812 3771 854 3822 er
876 3753 958 3823 Arte
979 3749 1208 3842 provincialis
1227 3750 1345 3821 rhete-

285 3875 375 3946 rieae
402 3875 457 3946 eui
487 3877 612 3948 titulus
639 3883 694 3949 est
714 3875 820 3945 Flore
844 3876 901 3945 del
926 3875 1007 3968 Gay
1036 3875 1150 3946 Seber
1177 3876 1345 3965 sumptis.
1463 3878 1464 3882 '
1560 3882 1562 3886 ’

286 3999 421 4072 Deinde
442 4001 628 4092 rhythmos
645 4003 681 4072 in
704 4001 774 4072 due
794 4021 923 4092 genera
943 4001 1139 4085 distribuit,
1157 3999 1290 4070 seilicet
1309 3999 1346 4068 in

285 4124 445 4216 duplices
459 4125 644 4216 rhythmos
661 4127 743 4197 etin
760 4127 947 4207 eruciatus,
962 4143 1114 4214 querum
1132 4124 1177 4194 ab
1197 4129 1348 4212 utreque

286 4249 465 4320 ducuntur
485 4249 555 4320 6116
573 4248 693 4321 emnia
714 4269 843 4341 genere
862 4269 954 4340 quae
974 4257 1059 4320 sunt
1079 4273 1087 4318 :
1108 4247 1270 4318 «rithme
1291 4266 1348 4317 ru-

288 4373 394 4477 66116,
418 4393 447 4442 r.
470 4373 615 4464 simple,
639 4394 669 4444 r.
697 4375 812 4460 riehe,
836 4394 864 4445 r.
888 4374 1051 4455 leonine,
1077 4393 1105 4443 r.
1129 4370 1344 4458 rendeliste‚
