3552 5282
899 623 1060 687 „98-

495 762 572 833 Neu
598 762 701 851 plura
725 761 770 833 de
797 763 864 833 bae
891 764 1010 852 operis
1036 767 1134 851 parte
1161 760 1298 844 dicam,
1327 777 1406 832 cum
1430 761 1512 850 ejus
1576 855 1578 858 Ι

447 887 681 961 summarium
702 888 795 977 apud
820 888 1003 960 Pellissier
1020 894 1056 959 et
1073 887 1234 978 Zsabalig
1252 886 1398 958 habeas,

495 1012 650 1083 Alteram
686 1030 766 1082 reru
806 1012 887 1082 libri
927 1018 1062 1102 partem
1102 1011 1292 1083 scribendo
1326 1010 1512 1082 Sibilattus

447 1136 665 1208 Clementem
697 1136 884 1207 Marullum
921 1136 1107 1225 sequitur,
1136 1153 1218 1206 eum
1245 1154 1310 1225 pru
1343 1133 1512 1224 magistre

448 1259 676 1350 potissimum
707 1259 835 1340 babet,
857 1261 935 1349 eius
966 1259 1130 1349 exempla
1156 1259 1280 1340 reiert3
1306 1276 1348 1330 ea
1373 1265 1511 1330 tantum

447 1384 695 1474 rhythmorum
731 1401 860 1473 genera
892 1390 1018 1455 tractat
1047 1401 1139 1473 quae
1172 1382 1358 1472 usurpavit
1385 1383 1513 1452 llarut·

449 1515 526 1588 tus;
549 1525 590 1578 ea
608 1506 834 1580 commendat
850 1507 984 1597 quibus
1006 1506 1066 1578 ille
1087 1507 1283 1598 posteriore
1302 1513 1403 1596 parte
1421 1505 1513 1577 ritae

447 1649 535 1704 suae
565 1649 654 1702 usus
687 1638 758 1712 est,
793 1650 834 1703 ea
867 1649 948 1702 vem
986 1631 1120 1720 quibus
1154 1632 1325 1702 llarottus
1357 1629 1394 1700 in
1437 1628 1510 1721 pri-

448 1756 517 1828 mis
556 1755 662 1826 modu
696 1756 905 1845 juventutae
947 1755 1170 1845 temporibus
1211 1753 1364 1826 indulsit
1400 1761 1435 1826 et
1468 1772 1514 1826 aa

449 1878 580 1953 deinde
606 1879 721 1950 colere
736 1879 863 1961 desiit,
886 1880 1049 1951 obsoleta
1069 1879 1244 1958 declarat,
1262 1857 1380 1968 'eaque
1404 1879 1514 1950 silen-

448 2002 498 2074 tiu
536 2002 830 2092 praetermitteret
864 2003 935 2075 uisi
973 2002 1062 2093 quid
1097 2002 1294 2094 maioribus
1329 2001 1514 2075 detrahere

451 2128 593 2200 timeret
616 2127 681 2221 (l).

497 2253 634 2324 Genera
649 2259 767 2324 autem
785 2270 877 2342 quae
897 2254 1069 2324 Marullus
1089 2254 1285 2343 posteriore
1305 2253 1396 2324 vitae
1415 2260 1514 2343 parte

400 2393 403 2400 ·
449 2378 558 2449 uoluit
592 2377 852 2467 Sibilettuspue
891 2377 1062 2450 describit
1098 2385 1133 2450 el
1169 2377 1395 2452 commendat
1429 2385 1514 2450 suut

449 2504 684 2594 epigramma,
722 2509 930 2582 sunnettus,
967 2503 1143 2574 euriticum
1183 2499 1374 2596 (cautique,
1409 2485 1523 2572 cluunt

450 2626 589 2718 ignique
621 2649 664 2695 ou
697 2622 795 2717 ode),
818 2626 955 2707 eauliu,
986 2626 1159 2717 epistula,
1190 2628 1321 2719 elegia,
1352 2628 1514 2718 dialogus

454 2748 631 2843 (eplopue,
666 2748 852 2828 meruleta,
890 2747 1024 2842 furca),
1060 2770 1121 2842 cop
1157 2772 1180 2820 u
1216 2750 1342 2832 lasne,
1378 2750 1511 2833 blason,

389 2869 392 2874 ’
450 2876 604 2966 enigma,
628 2875 792 2964 plautius
816 2873 1054 2966 (compluiute,
1076 2873 1327 2968 deploruliun).

500 3000 597 3083 Quae
622 3016 703 3070 veru
727 3017 856 3088 genera
881 2999 1026 3088 reliquit
1050 3000 1338 3090 elegantissimus
1361 3003 1515 3092 quisque

453 3131 556 3213 poeta
583 3129 617 3194 et
643 3141 684 3193 ea
714 3121 962 3193 tantummode
985 3123 1021 3192 in
1050 3125 1225 3213 majurum
1251 3125 1513 3196 venerationem

453 3248 604 3337 scriptur·
623 3253 744 3317 nusler
764 3255 1030 3327 commemorat,
1050 3254 1136 3319 sunt
1152 3248 1349 3332 rundelluS,
1368 3249 1512 3332 bullata,

453 3380 579 3443 cantus
599 3371 740 3461 regulis,
761 3369 812 3438 lat
830 3378 865 3442 el
884 3370 1025 3442 ur‘relut‘.

504 3497 553 3566 lle
573 3493 735 3565 rundello
752 3495 840 3565 baeu
856 3495 943 3566 uiuit
961 3497 1148 3568 Sibilettus
1168 3522 1175 3565 :
1197 3521 1215 3563 «
1234 3499 1326 3569 Puur
1343 3517 1382 3571 ue
1396 3518 1466 3590 que
1483 3501 1517 3570 la

413 3661 416 3670 -
455 3619 601 3689 muliere
628 3618 674 3688 tlu
707 3612 863 3689 ren'deau
894 3620 986 3690 u’est
1011 3628 1111 3692 autre
1139 3640 1208 3711 que
1238 3621 1286 3693 du
1315 3631 1445 3694 sunuel
1471 3641 1518 3694 uu

453 3743 687 3834 epigramme,
710 3743 815 3813 elles
834 3740 954 3833 pu'etes
975 3744 1018 3815 de
1039 3763 1076 3815 ue
1097 3754 1211 3836 temps
1233 3747 1283 3819 les
1304 3747 1385 3837 plus
1405 3747 1517 3821 trians

454 3873 517 3937 ent
541 3867 654 3956 quiite
676 3867 727 3937 les
754 3866 973 3938 ruudeauxa
992 3869 1195 3960 l'auliquite
1220 3868 1310 3961 pour
1334 3872 1518 3946 s’arrester

453 4011 523 4064 aux
545 3992 780 4082 epigrammes
800 4001 834 4064 et
849 4001 1010 4074 sunnatz,
1033 3983 1156 4084 pu'eme
1181 3995 1225 4068 de
1251 3998 1422 4086 premiers
1442 3997 1517 4087 pris

453 4125 554 4190 autre
574 4117 625 4189 les
648 4117 752 4206 petis.
780 4119 822 4188 Et
840 4117 888 4189 lle
906 4117 968 4189 lait
990 4126 1027 4190 lu
1049 4119 1092 4190 lis
1113 4136 1182 4208 peu
1203 4119 1248 4192 de
1268 4121 1452 4192 rundeaux
1473 4120 1517 4194 tle

485 4397 519 4462 (l)
531 4394 572 4449 Cf.
589 4398 738 4458 Pellissier,
754 4413 780 4462 p.
797 4399 835 4448 ul.
