3552 5282
695 635 875 699 -109-

254 776 350 867 leges
369 791 577 847 communes
604 782 791 863 certasque
818 773 1061 844 observandas
1081 792 1160 845 esse
1180 773 1316 846 dicuut.

303 900 352 971 lle
371 899 419 970 ita
439 898 654 996 excogitata,
677 899 799 970 omnia
823 915 914 987 quae
934 897 979 967 ad
1003 898 1184 988 ingenium
1207 899 1316 989 perti·

254 1031 380 1094 nerent
399 1023 630 1113 praetermitti
647 1023 806 1094 decebat.
826 1022 957 1093 Eadem
977 1042 1083 1093 causa
1100 1031 1152 1094 est
1169 1042 1230 1094 cur
1249 1023 1319 1093 alia

253 1147 443 1237 quaedam,
462 1147 594 1236 quibus
608 1148 706 1217 locus
718 1154 772 1218 est
788 1146 826 1216 in
841 1146 1001 1235 qrralihet
1017 1147 1099 1217 Arte
1114 1147 1263 1237 poetica,
1281 1149 1318 1217 iu

254 1269 387 1342 libellis
414 1269 546 1340 nostris
573 1269 838 1341 desiderentur.
860 1269 938 1340 Noli
967 1269 1074 1359 igitur
1094 1270 1161 1341 boc
1181 1270 1316 1350 mirari,

254 1394 515 1466 lniortunatum
539 1393 692 1483 primum
722 1393 832 1464 luisse
853 1393 913 1482 qui
936 1393 979 1464 de
1000 1394 1215 1482 quibusdam
1242 1393 1316 1464 usi·

254 1519 337 1589 tatis
353 1519 549 1590 carminum
566 1517 774 1608 generibus,
793 1523 830 1587 ut
847 1525 932 1607 puta
948 1517 992 1590 de
1010 1517 1227 1596 dramaticis,
1241 1537 1321 1608 pru-

255 1641 372 1733 prium
394 1643 588 1732 capitulum
610 1643 804 1733 scripserit.
827 1642 904 1712 Nou
929 1642 1035 1713 modo
1053 1643 1147 1713 euim
1172 1641 1317 1731 quidam

256 1767 463 1857 scriptores,
482 1773 521 1838 ut
539 1767 752 1838 Eustachius
772 1767 815 1837 de
831 1766 987 1857 Campis,
1003 1767 1154 1838 lacobus
1172 1769 1320 1858 Magnus

255 1896 289 1962 et
314 1890 377 1980 qui
404 1890 522 1962 Artem
545 1890 677 1963 codicis
700 1888 794 1960 Nou.
822 1889 908 1982 Acq.
935 1893 1025 1960 1869
1047 1891 1208 1981 scripsit,
1229 1891 1319 1961 nihil

255 2014 327 2085 nisi
345 2015 664 2086 coarctatissimum
685 2014 936 2106 compendium
958 2015 1133 2095 lecerunt,
1162 2016 1225 2086 sed
1245 2033 1320 2086 om·

257 2157 319 2210 nes
345 2139 451 2210 etiam
475 2139 561 2210 solis
583 2157 748 2210 versuum
771 2139 908 2228 legibus
929 2139 1151 2229 exponendis
1175 2140 1319 2211 studue-

258 2269 353 2334 runt.
383 2263 471 2333 Cum
500 2270 618 2335 autem
647 2263 861 2334 dramaticae
891 2262 1031 2334 fabulae
1062 2283 1132 2334 non
1167 2265 1320 2354 propriis

157 2439 158 2444 a
255 2387 417 2459 versibus
438 2387 590 2478 scriptae
610 2397 752 2468 essent,
774 2387 863 2457 nihil
887 2387 930 2458 de
950 2388 995 2492 iis
1020 2387 1205 2468 dixerunt,
1228 2389 1317 2472 nisi,

255 2513 440 2583 occasione
475 2511 577 2592 data,
610 2511 757 2602 quinam
786 2530 952 2583 versuum
984 2511 1154 2583 mediiis
1191 2513 1320 2585 rectius

257 2643 504 2729 congruerent.

304 2762 492 2834 similibus
524 2762 629 2834 etiam
664 2780 706 2834 er
741 2762 858 2834 causis
890 2764 990 2833 nulla
1022 2762 1174 2852 exempli
1208 2762 1320 2852 gratia

256 2888 366 2958 relata
391 2893 476 2958 sunt
505 2893 687 2977 poetarum
715 2887 873 2989 carmina
902 2887 982 2975 qui,
1009 2894 1048 2957 ut
1072 2887 1220 2957 Carolus
1248 2886 1319 2956 dur

256 3009 526 3082 Aurelianensis
545 3011 598 3082 rel
614 3011 705 3081 Villo
722 3020 756 3082 et
773 3011 848 3090 alii,
868 3012 979 3082 multu
1002 2998 1321 3100 pluris'valuerunt

255 3150 363 3222 quam
381 3131 406 3202 ii
427 3151 578 3221 quorum
602 3132 747 3203 nomina
763 3139 798 3203 et
813 3133 975 3222 exempla
990 3150 1096 3222 saepe
1114 3131 1318 3204 laudantur.

257 3255 312 3325 Illi
336 3255 432 3326 enim
454 3233 575 3327 miuus
601 3254 832 3326 indulserunt
857 3255 1045 3326 laboriosis
1071 3255 1318 3346 rhythmorum

255 3378 351 3450 ludis
381 3397 534 3471 quorum
563 3380 657 3470 leges
689 3379 734 3450 ab
767 3379 904 3451 Artium
939 3378 1172 3468 scriptoribus
1209 3379 1320 3469 expli-

256 3511 393 3576 cantur.
417 3506 529 3595 Saepe
553 3505 658 3576 etiam
681 3504 726 3576 iis
754 3505 816 3596 qui
841 3504 943 3574 Artes
962 3503 1155 3573 rhetoricas
1176 3521 1320 3593 compo·

255 3629 390 3701 nebant
408 3631 521 3702 satius
546 3629 731 3702 ridebatur
753 3628 897 3720 propria
920 3617 1028 3718 opera
1054 3647 1121 3718 pro
1146 3629 1320 3718 exemplis

255 3772 467 3846 proponere.

305 3881 668 3954 Animadvertendum
686 3887 740 3953 est
760 3887 941 3971 praeterea
957 3898 1029 3950 non
1047 3896 1172 3950 omnes
1188 3878 1232 3948 ad
1254 3896 1320 3948 nos

255 4007 461 4096 pervenisse
476 4006 576 4078 Artes
592 4006 799 4077 Rhetoricae
813 4005 1033 4095 rhythmicae
1048 4021 1140 4093 quae
1156 4003 1317 4074 luerunt:

257 4129 440 4220 cujusdam
465 4129 560 4200 enim
581 4148 621 4201 ex
644 4130 689 4200 iis
719 4147 815 4200 nuuc
834 4128 989 4200 amissae
1009 4127 1188 4198 distichon
1213 4144 1321 4215 snpra

257 4255 375 4325 retuli.
408 4253 510 4326 llaud
537 4253 685 4325 dubium
714 4271 858 4343 quoque
875 4251 1027 4340 ,ridetur
1050 4251 1137 4340 quin
1167 4250 1318 4339 quaein

258 4378 377 4452 codice
397 4378 475 4450 Bib.
499 4385 589 4459 nat,
612 4375 706 4449 Noc.
724 4377 811 4470 Acq.
835 4379 925 4447 1869
948 4383 1107 4448 servatur
1126 4394 1168 4447 er
1187 4374 1321 4444 amissa
