3584 5286
884 617 1042 680 -40-

434 762 568 834 hahent
586 757 750 832 undenos
775 776 920 842 versus,
941 774 985 829 ex
1010 755 1114 828 denis
1135 753 1284 846 syllabis
1307 769 1490 844 coagmen·

433 894 538 960 tatos.
560 886 767 974 Sequuntur
787 882 948 973 quinque
967 899 1103 963 versus,
1123 879 1185 971 qui
1205 885 1375 950 vocantur
1399 897 1492 946 ‹ec-

432 1009 489 1080 ooi
510 1037 546 1090 ι,
576 1008 689 1081 idest
716 1006 891 1080 dedicatio
914 1005 961 1078 ad
987 1005 1184 1097 principem
1209 1003 1364 1076 concilii.
1390 1001 1492 1088 Quod

433 1141 568 1228 spectat
581 1133 627 1206 ad
642 1132 841 1225 rhythmos,
859 1148 1097 1222 unaquaequo
1116 1130 1342 1222 stropharum
1363 1126 1489 1200 eodem

434 1258 539 1332 modo
564 1259 616 1330 sic
638 1259 850 1331 terminatur
880 1281 888 1327 :
915 1253 1268 1340 obcbccddedc5
1292 1261 1326 1325 ει
1349 1271 1391 1325 aa
1409 1269 1491 1343 pars

433 1403 525 1476 quae
555 1383 684 1457 dicitur
723 1409 737 1446 ‹
767 1380 870 1451 envoi
903 1408 920 1447 »
952 1380 1050 1453 haud
1079 1380 1183 1453 aliter
1213 1378 1422 1451 terminatur
1452 1394 1493 1449 ac

433 1510 594 1600 quinque
614 1507 731 1580 ultimi
751 1509 919 1598 strophae
940 1524 1061 1579 versus
1084 1530 1092 1576 :
1112 1503 1271 1575 caece.

484 1635 573 1705 Huic
600 1633 718 1705 simiie
743 1639 797 1705 εει
820 1649 961 1704 carmen
987 1629 1148 1722 eiusdem
1171 1630 1329 1702 nominis
1347 1629 1385 1700 in
1409 1628 1492 1701 Arte

368 1844 372 1852 ⁸
434 1758 566 1833 codicis
585 1760 679 1829 tao7
699 1759 870 1839 relatum;
889 1757 1193 1829 verumenimvero
1214 1754 1370 1847 rhythmi
1385 1753 1491 1845 paulo

434 1884 537 1956 aliter
564 1881 729 1974 dispositi
760 1886 845 1953 sunt
873 1906 881 1952 :
910 1878 1302 1962 accomodatam
1325 1879 1491 1970 iliapars

334 2103 337 2108 Δ
434 2013 596 2099 quaeest
613 2005 788 2079 dedicatio
809 2004 932 2099 (enom)
951 2012 1118 2096 quattuor
1134 2012 1272 2078 tantum
1287 2022 1411 2077 versus
1430 2003 1492 2076 ha·

433 2132 494 2206 het
515 2157 523 2203 :
544 2130 675 2203 dede.
696 2133 826 2206 Neuter
844 2149 925 2204 vero
946 2131 1157 2222 scriptorum
1178 2130 1247 2202 hoc
1265 2128 1436 2210 declarat,
1458 2134 1492 2200 ει

435 2276 506 2348 qua
534 2256 670 2328 rationo
702 2256 858 2349 rhythmi
883 2257 977 2328 inter
1009 2274 1047 2327 se
1078 2253 1310 2328 connectendi
1339 2253 1428 2338 sint,
1457 2260 1492 2326 ot

435 2390 521 2474 quot
539 2402 583 2455 ex
601 2383 762 2455 versibus
781 2382 956 2455 dedicatio
976 2388 1138 2454 constare
1156 2380 1295 2453 debeat.

482 2508 698 2580 Servantasii
719 2507 867 2600 figuram
893 2526 1072 2598 nusquam
1093 2506 1263 2579 describit
1284 2506 1488 2590 Baltlettus,

433 2632 497 2704 scd
528 2633 774 2706 tantummodo
804 2632 957 2705 affirmat
985 2633 1052 2705 hoc
1080 2633 1129 2705 ita
1160 2634 1376 2724 appeliatum
1413 2650 1492 2706 osso

439 2783 454 2821 a
475 2774 578 2847 parce
598 2758 684 2848 qu’ii
711 2757 786 2830 doit
804 2764 896 2830 estre
922 2764 1064 2830 servant
1091 2757 1220 2830 devant
1244 2764 1278 2830 et
1297 2757 1492 2831 herrierea

433 2899 504 2953 une
523 2899 747 2953 amoureuse.
772 2908 788 2945 ι
814 2881 1001 2972 specimen
1022 2901 1103 2954 vero
1121 2881 1167 2953 ah
1187 2900 1228 2954 eo
1247 2882 1394 2955 aliatum
1417 2900 1490 2954 nou

434 3006 550 3079 sotum
569 3005 615 3078 ad
634 3006 835 3078 cantionem
860 3006 1091 3088 amatorium,
1113 3006 1157 3079 de
1177 3024 1248 3097 qua
1267 3025 1375 3096 supra
1397 3005 1490 3078 dixi-

434 3148 535 3216 mus,
556 3131 713 3221 strophis
740 3137 774 3202 ει
800 3130 962 3202 versibus
983 3132 1233 3224 rhythmisque
1252 3131 1398 3203 omniuo
1419 3149 1490 3203 res·

433 3254 586 3348 ponuat,
613 3255 805 3327 sedetiam
833 3274 996 3347 quaeque
1017 3256 1164 3348 stropha
1187 3255 1395 3328 servautasii
1420 3254 1491 3347 pri·

434 3399 531 3452 mum
559 3386 595 3452 et
620 3381 785 3452 ultimum
810 3399 950 3453 versum
971 3381 1113 3454 eosdem
1140 3380 1248 3454 hahet
1265 3400 1306 3454 ac
1328 3398 1491 3472 quaeque

433 3505 610 3579 cautionis
639 3506 831 3578 amatoriae
855 3507 1014 3597 stropha.
1042 3508 1094 3578 lta
1120 3506 1381 3586 servantasius‚
1407 3505 1491 3596 quia

433 3632 568 3722 primos
588 3630 763 3702 cantionis
782 3650 905 3703 versus
926 3631 1071 3722 repetit,
1094 3649 1172 3703 eam
1192 3638 1232 3703 ut
1250 3648 1372 3704 servus
1391 3647 1490 3720 prae·

432 3755 610 3848 preditum
634 3755 718 3846 quia
739 3773 818 3826 vero
842 3756 1009 3837 ultimos,
1031 3774 1107 3827 eam
1135 3773 1278 3846 quoque
1304 3762 1343 3827 ut
1368 3772 1489 3827 servus

432 3881 607 3972 sequitur.
625 3881 664 3951 ln
681 3880 845 3952 cantione
860 3887 977 3952 autem
994 3887 1096 3972 poeta
1115 3881 1264 3953 amicam
1280 3879 1486 3971 alloquitur,

432 4007 470 4078 in
490 4004 709 4078 serventasio
729 4002 868 4076 beatam
889 4003 1035 4076 Mariam
1056 4000 1066 4099 t
1093 4002 1118 4099 ).

462 4202 495 4264 (i)
796 4205 883 4252 Taitte
900 4206 1103 4254 d'Amoureoso
1121 4223 1128 4253 :

587 4317 708 4367 S'amant
719 4319 795 4368 veuit
807 4319 885 4369 vivre
900 4331 934 4367 en
947 4320 1120 4368 consolation

514 4460 516 4466 ,
587 4407 621 4458 ut
635 4409 761 4471 coquarir
776 4408 824 4458 des
839 4409 917 4458 bians
929 4408 1032 4473 grando
1044 4410 1233 4472 habundanca,
