3552 5282
735 708 774 720 ..
796 673 833 732 67
856 707 892 716 ...

285 816 343 882 tur
368 809 470 900 quasi
496 809 674 900 appendix
706 809 878 898 quaedam
913 809 971 880 athi
996 809 1068 900 jam
1100 810 1194 883 dicta
1220 811 1344 902 paucis

286 934 403 1007 verbis
421 935 593 1024 recolligit
612 935 762 1023 scriptor
781 941 815 1004 et
834 934 967 1005 indicat
988 935 1074 1023 quid
1098 943 1280 1026 sequatur.

336 1061 463 1131 Decem
484 1066 568 1130 sunl
588 1060 730 1149 capita:
1271 1139 1274 1147 Ι

336 1183 496 1273 Capitol
524 1181 693 1254 definitur
726 1183 913 1254 rhetorica.
942 1222 988 1236 -
1013 1185 1168 1256 Scientia
1198 1193 1251 1258 est
1279 1186 1347 1257 ele-

287 1315 409 1399 ganter
427 1316 461 1378 et
480 1307 659 1398 sapienter
670 1308 845 1402 loquendi
858 1309 903 1379 ad
918 1310 1205 1400 persuadendum
1225 1319 1259 1382 et
1273 1309 1346 1382 clis-

288 1431 525 1503 snadendum.
846 1407 849 1412 ’

337 1556 421 1647 Gap.
446 1558 488 1627 ll.
513 1555 693 1646 Qutapud
710 1566 844 1629 veteres
865 1557 997 1629 luerint
1016 1559 1211 1630 rhetoricae
1229 1565 1347 1631 aucto·

290 1679 371 1753 res?
389 1721 437 1731 -
456 1683 689 1772 Hermagoras
717 1701 793 1753 eam
820 1681 933 1772 ipsam
962 1683 1116 1768 invenit,
1140 1683 1347 1756 Aristoteles

289 1807 383 1898 leges
404 1807 538 1886 statuit,
560 1825 649 1896 quas
668 1806 711 1878 de
731 1826 853 1898 graeca
872 1808 992 1898 lingua
1008 1809 1043 1879 in
1065 1809 1211 1880 latinam
1228 1809 1347 1904 Cicero

290 1932 484 2002 transtulit.
941 1953 944 1959 ’
978 1997 980 2002 .

338 2058 423 2147 Cap.
445 2059 504 2128 lll.
528 2059 624 2129 Duae
643 2067 728 2129 sunt
746 2068 863 2149 partes
880 2061 1086 2141 rhetoricae·
1106 2069 1144 2132 ul
1164 2079 1255 2150 quae
1275 2060 1348 2132 sire

290 2183 449 2254 oratioue
464 2184 580 2255 soluta
596 2184 669 2256 sive
685 2203 786 2256 versu
804 2185 958 2257 scrihere
973 2185 1109 2258 doceat.
1124 2185 1350 2258 nesecnnoa

216 2347 220 2392 7
290 2307 537 2380 tantummodo
563 2316 682 2399 parte,
709 2328 800 2398 quae
829 2310 873 2380 ad
901 2329 1022 2381 versus
1052 2310 1238 2402 tingendos
1264 2311 1346 2381 atti-

292 2441 369 2514 net,
398 2432 557 2504 dicturus
579 2432 836 2514 lnlortuuatus,
859 2435 977 2525 operis
999 2435 1053 2505 sui
1078 2436 1249 2506 rationem
1270 2433 1348 2506 des·

291 2557 407 2648 crlhlt.

340 2683 424 2773 Cap.
448 2684 503 2753 lll.
525 2685 666 2773 Septem
687 2685 805 2774 poesis
827 2685 909 2754 vitia
925 2683 1159 2766 definiuntur,
1184 2684 1345 2756 scilicet:

295 2812 327 2879 l⁰
340 2809 623 2898 Inaequahilium
636 2809 778 2881 interse
791 2829 954 2881 versuum
973 2809 1182 2898 compositio
1200 2807 1352 2902 (Factae

289 2932 524 3026 proportioni.
546 2973 594 2984 -
616 2937 652 3003 2⁰
674 2936 788 3024 luepti
821 2935 1067 3025 rhythmorum
1102 2934 1201 3015 soni,
1226 2934 1350 3023 quales

293 3067 376 3131 sunt
402 3059 559 3150 rhythmi
588 3061 712 3152 gallice
743 3059 785 3128 dc
818 3057 1090 3152 boote-clloopoe
1120 3067 1153 3130 et
1179 3057 1223 3127 de
1252 3063 1353 3150 porei

293 3183 375 3255 dicti
395 3181 605 3276 (impropre
621 3182 847 3278 conopoeum)
870 3182 934 3278 (ll.
957 3225 1003 3236 -
1025 3188 1060 3255 5⁰
1080 3186 1203 3275 lnepta
1221 3185 1351 3255 locutio

293 3305 498 3403 (Impropre
517 3307 693 3402 leontion).
714 3350 761 3360 —
778 3313 814 3380 t⁰
830 3308 997 3400 Ejusdem
1018 3312 1111 3381 vocis
1128 3309 1164 3379 in
1187 3308 1259 3380 line
1275 3328 1350 3381 rer-

293 3453 398 3505 suum
428 3435 566 3506 iteratio
594 3432 878 3528 prodicatoriae
908 3435 1054 3506 omnino
1079 3435 1222 3506 aliaest
1247 3442 1354 3524 atque

293 3558 432 3630 iteratio
452 3579 472 3629 a
492 3559 601 3630 Gallis
621 3557 767 3651 resacia·
784 3560 973 3658 appellata
995 3599 1043 3610 -
1065 3563 1099 3630 5⁰
1122 3559 1237 3630 Verha
1265 3577 1355 3630 nova

294 3701 335 3754 ex
357 3684 467 3754 latino
489 3683 666 3755 incautius
686 3692 882 3775 assumpta,
904 3685 956 3755 rel
970 3690 1154 3773 corrupta,
1175 3683 1227 3755 vel
1247 3682 1355 3754 nimis

286 3809 432 3898 'aspera
459 3848 506 3859 —-
529 3812 564 3879 6⁰
582 3809 697 3911 Verha
720 3816 878 3880 contorte
903 3808 1093 3898 aequivoca
1117 3791 1356 3900 (Epulooqoes

295 3932 534 4026 coutrolntes).
563 3973 606 3986 -
637 3937 672 4002 7⁰
701 3937 833 4006 Pravus
854 3935 1027 4005 vocalium
1053 3952 1267 4015 concursnS,
1294 3935 1355 4021 qui

296 4056 337 4128 fit
356 4077 434 4129 cum
455 4058 569 4149 prima
587 4060 704 4132 littera
731 4059 891 4130 vocabuli
920 4056 1104 4150 cujusdam
1129 4056 1257 4128 vocalis
1279 4063 1353 4137 est,

675 4382 703 4416 es
719 4381 823 4416 ruraux
839 4373 865 4416 et
879 4368 940 4415 lour
962 4367 1016 4425 ois,
