3584 5286
726 652 885 712 ..49-

276 793 381 866 modo
397 810 522 864 omnes
538 809 660 863 versus
675 792 849 880 cuiusque
866 789 1038 880 poematis
1053 791 1157 880 aequi
1171 790 1258 871 sint,
1275 808 1335 862 ex·
1394 779 1397 784 Δ

276 926 375 1011 cepto
395 927 513 990 tamen
535 916 596 1007 qui
619 936 733 983 «cers
750 917 859 1006 coepe
880 942 894 978 1
923 914 1065 996 dicitur,
1087 935 1164 986 curn
1185 915 1335 988 dimidio

276 1045 401 1116 ceteris
422 1043 539 1114 minor
563 1058 641 1112 esse
669 1039 809 1111 debeat.
832 1040 897 1108 Pro
918 1041 1079 1131 exempto
1105 1041 1272 1111 carminis
1298 1041 1334 1111 in
1369 1125 1372 1130 ⁴

276 1189 347 1261 quo
369 1169 522 1259 quisque
541 1184 661 1237 versus
683 1163 955 1256 monosyllabon
977 1166 1024 1236 sit
1044 1165 1244 1238 rondeltum
1262 1167 1335 1256 jam

276 1293 313 1364 in
333 1293 416 1364 Arte
435 1290 567 1364 codicis
592 1290 670 1361 Bih.
692 1296 783 1374 nat,
805 1287 900 1360 Noc.
921 1288 1022 1383 hoq„
1049 1293 1143 1362 1157
1162 1290 1335 1364 insertum

276 1419 426 1508 scriptor
445 1417 563 1488 refert.
583 1415 763 1506 hdditque
785 1440 793 1485 :
820 1417 940 1487 ‹ltem
957 1434 1004 1487 on
1020 1416 1096 1488 doit
1112 1417 1248 1505 scavoir
1268 1435 1338 1508 que

276 1549 566 1615 communement
596 1541 739 1613 rondota
773 1560 817 1614 ne
850 1540 997 1614 balades
1029 1543 1129 1613 n’ont
1162 1544 1263 1634 point
1295 1541 1338 1615 de

276 1668 426 1740 nombre
454 1667 498 1740 de
528 1667 660 1739 sitabes
686 1686 730 1739 en
759 1668 853 1738 teurs
881 1667 1047 1748 bostono,
1072 1669 1163 1739 mais
1190 1669 1255 1740 tais
1275 1674 1339 1740 ont

276 1795 457 1894 tousjours
477 1813 512 1866 vr
533 1793 717 1866 sitabes.»
774 1801 779 1811 ·

325 1920 368 1990 ln.
387 1920 453 1991 hoc
475 1927 593 1991 autem
623 1918 666 1990 de
695 1917 747 1986 lai
765 1925 972 2009 praecepto,
994 1937 1074 1992 cum
1097 1940 1117 1990 a
1138 1919 1275 2011 tegibus
1295 1919 1339 1991 de

278 2044 410 2135 quibus
430 2064 555 2118 omnes
582 2043 812 2116 consentiunt
836 2045 940 2134 longe
959 2045 1144 2125 dissideat,
1166 2045 1341 2117 erravisse

278 2171 485 2261 scriptorem
505 2171 683 2242 existimo.

326 2296 363 2367 Si
403 2296 485 2387 quis
523 2296 610 2368 artis
647 2295 854 2368 Rhetoricae
888 2295 1110 2388 rhythmicae
1146 2297 1341 2369 recentiora

278 2422 443 2494 instituta
459 2439 673 2514 cognoscere
691 2422 787 2502 vetit,
811 2440 956 2494 necesse
975 2429 1029 2493 est
1048 2422 1094 2492 iis
1112 2422 1173 2512 qui
1190 2422 1341 2493 bullatas

278 2555 313 2618 et
334 2546 515 2618 rondeltos
536 2547 670 2619 iaciunt
689 2548 839 2619 ninttum
860 2554 992 2626 utatur,
1010 2566 1087 2619 cum
1107 2547 1144 2617 in
1164 2545 1340 2637 eiusmodi

279 2670 514 2743 conficiendis
534 2672 753 2743 carminibus
777 2669 931 2762 diligens
954 2672 1157 2743 exercitatio
1185 2671 1342 2761 requira-

339 2865 340 2868 r
439 2797 612 2868 mobrem
648 2797 735 2870 haec
768 2796 838 2868 duo
866 2815 995 2889 genera
1025 2804 1162 2868 tantum
1193 2797 1229 2866 in
1260 2798 1342 2867 Arte

321 3673 328 3687 '
457 3728 466 3753 ,
498 3673 761 3764 comprendet
785 3697 808 3743 o
835 3695 915 3743 cers
941 3694 1072 3766 coppez
1098 3701 1133 3756 1,
1156 3691 1261 3765 quem
1283 3673 1343 3744 atii

411 3799 485 3871 lum
507 3798 589 3891 tayo
606 3800 806 3873 nominant.
1003 3808 1006 3813 ’

332 3926 506 3998 Versuum
524 3927 769 4016 repetitorum‚
790 3927 851 4017 qui
867 3927 990 4018 gallice
1005 3925 1148 4020 resa-oio
1163 3926 1343 4007 dicuntur,

285 4048 385 4119 nulla
404 4047 446 4119 fit
464 4049 611 4120 montio.

335 4175 385 4246 De
404 4173 557 4253 batista,
581 4175 671 4247 sicut
692 4175 736 4248 de
762 4174 944 4256 modetia,
968 4177 1119 4266 scriptor
1139 4177 1229 4247 nihii
1249 4174 1348 4247 aliud

287 4297 389 4371 docet
413 4317 520 4390 quarn
544 4319 615 4391 qua
637 4301 775 4372 ratione
801 4319 923 4372 versus
953 4302 1046 4372 inter
1073 4321 1111 4373 se
1136 4303 1345 4392 jungantur,

288 4443 406 4517 neque
426 4426 469 4499 de
489 4426 556 4498 hoc
576 4425 773 4518 quidquam
794 4429 876 4500 novi
897 4427 1014 4500 refert.
