3584 5286
897 578 1052 638 ..12-

443 719 540 789 riens
563 716 750 799 describit,
773 716 920 789 nonnisi
946 715 1042 808 apud
1068 716 1202 807 regales
1229 722 1353 788 cantus
1374 722 1508 788 veteres

444 860 528 914 usos
548 842 674 914 luisse.

492 968 541 1038 Ea
564 972 683 1040 aulem
705 975 758 1040 est
777 968 871 1041 inter
891 985 1016 1039 omncs
1036 966 1190 1038 ballatac
1213 967 1349 1058 species
1369 963 1508 1038 difficil-

443 1089 530 1162 lima
549 1110 642 1182 quae
661 1090 853 1182 aequivoca
873 1089 1148 1182 retrogradaque
1168 1089 1310 1162 dicitur.

491 1215 594 1301 Quod
623 1215 654 1286 si
678 1215 724 1288 ad
754 1215 936 1289 Eustachii
958 1223 1118 1306 tempora
1139 1214 1322 1305 respicias,
1352 1213 1389 1286 id
1417 1220 1510 1286 certe

442 1339 631 1413 miraberis
656 1339 753 1430 quod
781 1341 999 1412 masculinos
1026 1358 1105 1410 cum
1126 1337 1310 1410 femininis
1330 1338 1508 1428 rhythmis

386 1509 392 1522 ·
442 1464 539 1556 apud
554 1464 723 1536 ballatam
735 1464 938 1537 miscendos
954 1463 1161 1555 praecipiat.
1179 1462 1344 1534 Nondum
1361 1460 1507 1551 quidem

441 1607 503 1661 eos
534 1597 705 1662 consueta
734 1608 831 1661 nunc
859 1589 932 1661 vice
961 1590 1010 1659 ita
1040 1593 1244 1659 constanter
1276 1585 1508 1658 alternandos

385 1806 388 1810 ι
441 1721 583 1797 censet,
610 1732 655 1787 ne
682 1733 754 1804 qua
780 1713 953 1786 feminino
980 1713 1187 1792 lamminas,
1218 1729 1282 1784 scu
1309 1710 1509 1784 masculino

442 1838 664 1911 masculinus
692 1840 874 1930 subjectus
900 1838 1045 1911 insistat
1072 1835 1137 1930 (l).
1164 1838 1220 1922 ht,
1249 1838 1280 1909 si
1305 1837 1507 1927 exemplum

440 1971 634 2054 utrumque
645 1963 817 2054 inspicias
833 1960 928 2052 quod
945 1960 1145 2053 proposuit,
1162 1961 1301 2034 videbis
1315 1959 1508 2033 lemininos

443 2086 734 2179 masculinosque
769 2089 957 2180 rhythmos
994 2093 1064 2158 tam
1103 2085 1311 2178 regulariter
1338 2084 1507 2157 alternari

443 2232 549 2306 quam
570 2213 667 2306 apud
685 2215 856 2305 temporis
878 2214 991 2285 nostri
1015 2215 1187 2284 carmina.

491 2340 646 2431 Hujusce
680 2359 760 2412 vero
801 2337 898 2410 modi
936 2345 1162 2430 praeceptum
1197 2356 1376 2428 nusquam
1412 2336 1507 2428 apud

442 2471 577 2538 ceteros
596 2465 658 2556 qui
675 2471 758 2537 anic
772 2482 909 2536 annum
929 2466 1020 2535 raab
1037 2462 1174 2536 circiter
1194 2462 1296 2534 hrtes
1313 2463 1509 2534 rhetoricae
1550 2512 1554 2517 -

349 2565 351 2570 ⁵
442 2591 675 2681 scripserunt,
705 2590 750 2663 de
779 2577 911 2681 quihus
938 2589 1045 2661 rerba
1069 2599 1148 2659 sum
1178 2595 1302 2679 postea
1327 2588 1505 2670 iacturuS,

441 2714 635 2788 inuenitur.

491 2840 660 2913 Memoria
683 2858 827 2930 quoque
851 2840 998 2930 dignum
1021 2846 1075 2910 est
1103 2857 1147 2910 nc
1167 2838 1275 2910 semol
1297 2837 1442 2928 quidem
1462 2838 1507 2909 ab

442 2966 635 3038 Eustochio
661 2966 856 3057 praescribi
885 2983 927 3036 ox
949 2964 1063 3036 tribus
1085 2971 1223 3036 tantum
1249 2963 1406 3054 strophis
1427 2962 1505 3033 bal·

443 3091 550 3162 latam
570 3096 727 3176 exstare,
750 3109 829 3161 curn
850 3090 917 3161 hoc
936 3108 957 3159 a
976 3089 1114 3179 lcgenle
1134 3094 1353 3179 compertum
1373 3094 1504 3160 teneat.

490 3214 673 3305 Descripta
692 3213 843 3296 uallata,
870 3214 914 3285 de
934 3214 1090 3286 carmine
1110 3212 1208 3303 quud
1232 3211 1362 3283 uirelui
1380 3214 1504 3304 appal-

440 3339 535 3410 latur
555 3336 595 3409 ht
614 3336 741 3410 oratio.
761 3391 762 3396 ,
1409 3331 1410 3334 ’

490 3465 540 3534 De
560 3463 779 3534 servantasio
796 3463 847 3535 nil
868 3463 966 3535 aliud
985 3461 1083 3545 dicit,
1103 3464 1174 3535 nisi
1195 3481 1337 3535 carmen
1358 3463 1448 3535 illud
1464 3481 1506 3534 ex

441 3586 625 3677 quinque,
660 3589 787 3678 regalis
820 3595 946 3660 cantus
976 3606 1096 3670 more,
1134 3588 1292 3678 strophis
1324 3595 1504 3668 constare,

440 3712 652 3802 plerumque
681 3713 719 3783 in
754 3713 883 3786 Mariae
915 3713 1061 3804 uirginis
1092 3712 1260 3784 laudibus
1284 3712 1507 3803 celebrandis

469 3991 504 4054 (l)
518 4009 529 4038 u
541 3992 575 4041 nt
586 4005 615 4041 se
627 3992 686 4041 doit
698 4006 734 4040 011
746 3995 887 4054 tousjours
900 3992 1007 4055 garder,
1023 4006 1058 4040 en
1068 3992 1170 4040 faisant
1184 3993 1290 4052 balade,
1304 3993 1351 4055 qui
1364 3997 1440 4056 puet,
1453 4007 1506 4055 qne

438 4082 477 4130 les
490 4094 553 4138 vers
568 4094 603 4130 ne
617 4081 708 4130 soient
723 4096 771 4144 pas
784 4081 818 4130 de
834 4095 950 4130 mesmes
964 4082 1034 4144 piez,
1048 4082 1116 4130 mais
1130 4082 1243 4130 doivent
1257 4086 1329 4131 estre
1343 4082 1377 4131 de
1389 4083 1458 4131 neni
1469 4096 1505 4131 ou

439 4171 472 4219 de
486 4169 543 4229 dix,
558 4170 591 4218 do
605 4174 666 4232 sept
681 4184 717 4219 ou
732 4171 766 4220 de
778 4171 838 4219 huit
854 4185 891 4220 ou
905 4171 940 4220 dc
955 4172 1030 4232 neus,
1044 4172 1122 4220 selon
1134 4185 1165 4220 ce
1178 4171 1243 4233 qu'il
1253 4173 1335 4233 platst
1346 4186 1381 4220 au
1392 4171 1504 4233 iamenu,

438 4273 502 4309 sans
522 4257 562 4309 lcs
577 4260 645 4309 faire
664 4264 728 4309 tous
744 4260 860 4323 egaulx,
875 4274 921 4309 car
939 4261 965 4308 la
980 4260 1075 4308 balado
1092 4260 1155 4308 n'en
1172 4265 1214 4309 est
1229 4274 1278 4325 pas
1294 4261 1318 4310 si
1332 4261 1452 4326 plaisant
1469 4273 1504 4310 ne

369 4359 372 4364 “
438 4351 472 4402 dc
487 4350 510 4400 si
526 4353 617 4402 bonne
631 4349 721 4418 lacon.
740 4366 751 4398 u
