3584 5286
746 612 903 674 ..21-

294 749 510 832 morabatur,
531 749 561 822 si
578 767 651 822 non
672 749 760 822 elisa
780 749 894 826 luerat
915 747 979 845 (l).
998 752 1219 842 Quapropter
1236 768 1354 822 recen·

295 873 403 947 liores
428 874 649 966 grammatici
675 871 783 966 huius
813 894 935 948 versus
964 894 1146 948 caesuram
1173 875 1351 968 lyricam,

221 1080 226 1090 ¹
293 1016 416 1071 versus
448 1006 567 1072 autom
601 999 663 1072 ubi
699 1000 829 1073 insona
864 999 1001 1092 syllaba
1038 1000 1351 1092 praetermittitur,

284 1141 475 1226 'caesuram
494 1123 632 1217 epicam
651 1125 933 1217 appellaverunt.

341 1249 542 1340 Antequam
574 1251 687 1324 Faber
718 1249 1053 1324 commentationem
1084 1249 1128 1323 de
1162 1268 1232 1340 qua
1261 1249 1354 1322 inira

293 1372 453 1446 dicturus
471 1392 550 1446 sum
571 1373 701 1456 edidit,
724 1376 846 1447 nullus
870 1392 911 1447 en
933 1374 978 1446 iis
999 1374 1058 1464 qui
1081 1373 1125 1447 de
1143 1382 1218 1447 arte
1238 1375 1354 1447 rheto-

293 1500 364 1571 rica
393 1499 614 1590 scripserunt
647 1517 770 1572 versus
801 1498 1013 1572 divisionem
1044 1499 1080 1570 iu
1113 1499 1203 1572 duas
1236 1507 1354 1591 partes

292 1623 500 1715 explicarit,
526 1641 644 1715 noque
667 1624 787 1706 ullus,
810 1631 949 1715 praetor
973 1624 1143 1696 Iacobum
1164 1625 1351 1715 Magnum.

293 1748 466 1841 syllabam
484 1750 650 1822 insonam
667 1749 705 1820 in
721 1748 851 1840 prioris
871 1748 1089 1821 hemistichii
1108 1747 1181 1822 fine
1201 1756 1354 1841 praetor-

291 1875 384 1947 mitti
421 1891 526 1966 posse
559 1874 700 1956 docuit,
737 1892 943 1966 quanquam
978 1891 1104 1948 omnes
1141 1882 1355 1948 notaverunt

291 1998 452 2071 eamdem
468 2017 653 2090 uunquam
670 2000 706 2070 in
723 1999 795 2072 dno
806 2017 971 2072 versuum
987 1998 1266 2091 supputandam‚
1282 2017 1353 2090 quo

292 2123 332 2196 iit
350 2132 388 2197 ut
407 2124 570 2198 feminini
590 2145 711 2198 versus
727 2145 798 2198 una
812 2126 949 2218 syllaba
965 2125 1147 2200 divitiores
1163 2124 1237 2197 sint
1257 2143 1351 2198 mas·

292 2249 434 2324 culinis.
471 2251 541 2322 Cur
573 2258 691 2324 autem
721 2251 806 2323 talia
831 2251 884 2323 illi
917 2250 1124 2333 omiserint,
1156 2251 1244 2323 haec
1275 2251 1354 2323 sine

291 2373 402 2447 dubio
417 2393 523 2448 causa
542 2376 708 2466 estquod
723 2384 758 2448 et
773 2375 817 2448 de
832 2376 941 2468 lyrica
956 2375 1075 2467 potius
1093 2375 1354 2450 versificatione

292 2498 468 2574 disserere
485 2508 519 2574 et
534 2520 611 2574 eam
627 2503 801 2595 syllabam
817 2502 854 2573 in
870 2502 946 2575 suis
959 2501 1119 2593 ipsorum
1134 2500 1353 2574 terminibus

293 2644 481 2700 numerare
500 2628 665 2702 solebant
685 2627 749 2724 (il.

343 2751 498 2838 Quodad
511 2752 716 2845 rhythmum
727 2754 867 2837 attinet,
880 2761 951 2828 tres
962 2752 1351 2845 legestraditlauobus:

349 2904 364 2941 ‹
385 2880 433 2950 La
452 2879 627 2970 premiere
648 2881 742 2971 regie
762 2879 792 2952 si
816 2886 871 2952 ast
893 2897 962 2970 que
985 2880 1106 2951 bonne
1125 2879 1215 2951 rime
1235 2896 1256 2949 a
1279 2885 1355 2950 tout

296 3005 327 3074 le
355 3004 472 3076 moins
499 3005 656 3094 requiert
682 3023 752 3097 que
779 3007 830 3078 les
855 3004 1037 3078 dernieres
1064 3005 1210 3078 sillabas
1238 3003 1355 3076 soient

294 3128 510 3202 semblables
529 3148 575 3202 ou
596 3130 894 3204 semblablement
912 3130 1118 3203 terminans.

345 3283 360 3318 »
395 3258 441 3328 La
467 3256 621 3328 seconde
646 3256 740 3346 regie
762 3257 792 3327 si
822 3264 876 3328 ost
904 3274 975 3347 que
999 3255 1050 3329 les
1076 3257 1183 3328 rimas
1206 3255 1250 3328 da
1279 3261 1355 3327 tant

293 3387 374 3453 sont
394 3380 596 3454 meilleuras
617 3399 687 3471 que
707 3381 757 3452 les
777 3379 931 3453 dictions
954 3379 1106 3453 iinables
1127 3381 1259 3452 s’entre
1276 3396 1351 3451 ras·

323 3581 355 3644 (l)
464 3581 522 3630 Vos
532 3583 652 3645 jouottea
669 3583 728 3631 font
743 3582 817 3631 deux
831 3582 919 3630 fossos
937 3580 1030 3631 tondis

466 3671 508 3720 En
521 3672 689 3732 soubzriant,
706 3686 722 3720 0
738 3671 808 3721 belle
823 3672 885 3734 plus
901 3683 955 3734 que
970 3671 1049 3720 bella.

292 3775 342 3836 (Ex
358 3774 499 3824 Eustachii
515 3776 627 3835 ballota,
648 3789 718 3838 quae
738 3775 856 3838 incipit:
874 3775 914 3824 De
929 3777 993 3838 jour
1009 3787 1043 3823 en
1056 3775 1120 3836 J'our
1134 3787 1169 3824 vo
1189 3774 1287 3824 beaute
1307 3788 1354 3824 re·

292 3863 439 3928 nouvelle.)

323 3953 357 4016 (2)
373 3953 405 4002 In
420 3954 537 4017 quadam
558 3954 657 4002 ballota
676 3955 709 4004 ab
728 3954 877 4003 Eustochio
898 3953 972 4016 apud
993 3967 1070 4002 suam
1088 3958 1184 4002 Artem
1204 3955 1354 4013 Diclandz‘,

294 4043 411 4107 exempli
428 4043 531 4106 gratia,
548 4043 651 4104 relata,
673 4056 829 4107 quenquam
849 4044 945 4092 ultima
967 4044 1101 4106 cujusque
1120 4043 1221 4106 prioris
1240 4040 1354 4090 membri

295 4134 411 4183 aliorum
432 4147 562 4183 versuum
583 4134 704 4197 syllaba,
725 4134 807 4182 otiam
827 4133 850 4182 si
872 4138 961 4193 muta,
981 4132 1073 4182 locum
1092 4145 1200 4195 semper
1219 4134 1303 4189 tenet,
1326 4130 1354 4178 in

295 4235 378 4272 versu
393 4227 485 4275 tamen
499 4224 546 4287 qui
559 4224 656 4287 gallice
669 4224 775 4282 refredo
791 4221 892 4270 dicitur
903 4234 1048 4270 numerum
1062 4233 1119 4270 non
1133 4220 1240 4270 obtinet
1251 4218 1354 4282 (Preux

297 4311 514 4376 chartarumque,
527 4327 556 4362 se
566 4317 595 4362 tu
607 4314 697 4362 iussos
708 4326 742 4361 an
752 4310 874 4376 Frende),
885 4311 960 4361 uude
971 4309 1070 4374 opinor
1081 4314 1128 4359 aut
1138 4311 1252 4359 verbum
1264 4321 1355 4369 preux

297 4403 426 4453 mendum
439 4415 509 4464 csse,
521 4407 569 4452 aut
581 4416 691 4454 versum
700 4402 777 4452 illum
788 4415 822 4452 ax
832 4401 952 4465 quodam
962 4400 1041 4465 apice
1051 4399 1172 4451 carmine
1184 4401 1354 4462 excerptum·
