3584 5286
861 591 1021 654 ..10-

408 731 524 803 solum
542 736 628 802 tunc
647 730 764 821 palam
783 729 980 812 habebant,
1002 730 1178 820 sequitur.
1199 731 1336 802 Rursus
1354 737 1473 803 autem

361 842 367 853 '
408 855 446 925 in
467 872 508 926 eo
530 863 584 927 est
605 862 643 927 ut
662 855 756 947 typis
778 855 981 937 mandetur,
1003 862 1157 946 utroquo
1176 847 1471 937 codice‘auctore

407 981 445 1051 in
485 987 606 1053 oetam
644 981 805 1053 omnium
845 980 1026 1053 Eustachii
1065 981 1109 1053 de
1144 980 1288 1071 Campis
1325 998 1473 1071 operum

408 1104 608 1186 volumine,
631 1122 723 1194 quae
751 1105 909 1176 marchio
937 1104 981 1178 de
1002 1106 1127 1191 Queur
1156 1105 1200 1176 de
1220 1105 1474 1178 saint-Hilaire

408 1227 592 1299 societatis
624 1226 792 1300 Veterum
819 1226 1037 1322 scriptorum
1061 1227 1223 1300 coenosae
1253 1230 1366 1320 gratia
1394 1229 1472 1302 edi·

408 1352 549 1448 (11((1).

456 1478 670 1550 Eustachius
695 1479 852 1552 musicae
870 1479 1008 1570 poesim
1029 1480 1228 1552 arctissime
1248 1480 1472 1571 conjunctam

407 1622 488 1676 esse
522 1611 656 1677 censet.
693 1604 800 1676 initio
832 1603 977 1694 quidem
1012 1610 1147 1695 septem
1178 1610 1272 1677 artes
1307 1603 1474 1675 liberales

408 1728 633 1801 definiendas
659 1737 777 1813 curat,
807 1747 897 1819 quas
924 1729 974 1800 ita
999 1728 1196 1820 appellatas
1215 1729 1323 1801 habet
1347 1755 1362 1793 a
1384 1747 1475 1819 pour

407 1872 446 1927 ce
468 1873 537 1944 que
557 1855 834 1926 anciennement
859 1854 936 1935 nul,
958 1871 997 1925 se
1018 1854 1044 1923 ii
1065 1853 1209 1925 n'estoit
1228 1853 1367 1935 liberal,
1389 1853 1474 1926 e'est

407 1996 427 2048 a
447 1977 524 2050 dire
541 1976 599 2048 iiis
615 1977 659 2049 tie
677 1977 784 2049 noble
802 1978 946 2048 homme
964 1984 998 2050 ot
1016 1978 1139 2050 estruit
1159 1977 1203 2049 de
1222 1977 1330 2050 nobie
1349 1978 1471 2069 lignie

408 2101 540 2174 n’osoit
554 2101 732 2193 aprandre
749 2121 866 2174 aucun
882 2100 1030 2174 d’iceuls
1046 2121 1135 2173 ars»
1160 2099 1209 2196 (p.
1230 2098 1330 2194 itt).
1346 2103 1475 2174 Omnia

373 2307 375 2314 ,
406 2234 525 2298 autem
537 2243 580 2297 ex
595 2226 729 2317 quibus
741 2227 879 2298 musica
889 2232 1005 2299 exstat
1019 2226 1055 2296 in
1073 2226 1163 2327 duas
1178 2234 1296 2318 partes
1306 2227 1471 2318 partitur,

407 2369 559 2442 quarum
581 2369 653 2423 una
672 2352 718 2423 ab
739 2358 827 2434 arte,
845 2352 956 2424 altera
975 2351 1021 2422 ab
1041 2358 1169 2423 natura
1188 2350 1330 2424 ducitur
1347 2376 1356 2422 ε
1373 2351 1472 2424 illam

406 2493 499 2565 quae
523 2477 667 2568 proprie
693 2477 829 2548 musica
855 2475 1056 2568 appellatur
1076 2475 1215 2566 quiris,
1246 2492 1417 2548 ‹mesme
1440 2475 1474 2547 le

407 2601 488 2691 plus
523 2600 611 2674 rude
647 2602 792 2674 homme
824 2601 874 2674 du
907 2601 1038 2674 mondo
1069 2627 1106 2686 ›,
1134 2600 1302 2675 facillime
1337 2599 1473 2673 discere

406 2733 535 2816 potest.

461 2878 476 2915 a
504 2850 663 2923 Alteram
688 2859 807 2924 autem
837 2851 993 2923 musicae
1019 2859 1178 2943 partem,
1201 2851 1382 2943 inquit‚a
1409 2869 1472 2923 na·

407 2982 486 3047 tura
505 2975 647 3049 ductam
668 2976 802 3060 habeo,
824 2976 909 3066 quia
938 2994 1043 3048 nemo
1067 2995 1144 3048 eam
1165 2996 1186 3047 a
1206 2977 1385 3068 magistris
1405 2975 1471 3048 do·

405 3101 540 3173 centus
559 3108 634 3184 est,
658 3100 728 3172 nisi
748 3101 904 3190 quodam
924 3100 1062 3192 ingenii
1079 3101 1243 3173 acumine
1261 3101 1307 3174 ad
1327 3101 1469 3173 discen·

405 3224 490 3297 dum
511 3225 558 3297 sit
577 3231 737 3297 ornatus.
761 3249 777 3287 ›
803 3223 936 3297 Musica
955 3242 1038 3296 vero
1063 3223 1193 3297 dicitur
1217 3223 1302 3314 qnia
1329 3242 1474 3297 necesse

405 3357 459 3423 est
479 3357 520 3423 ut
537 3368 682 3431 versus,
705 3348 808 3421 siris
829 3367 890 3422 eos
915 3349 977 3439 qui
1005 3349 1158 3420 audiunt
1180 3348 1366 3430 delectari,
1388 3367 1472 3439 pro·

404 3474 628 3556 nuntientur,
651 3481 691 3546 ut
710 3492 788 3546 mos
808 3472 918 3548 estin
938 3472 1087 3564 poeticis
1106 3472 1268 3545 conciliis
1289 3491 1383 3563 quae
1402 3473 1473 3563 gal·

366 3670 371 3680 ,
404 3601 470 3672 lice
484 3621 581 3692 popa
598 3597 791 3668 d'Amoors
813 3598 994 3670 dicuntur.
1013 3597 1109 3669 Varii
1127 3597 1222 3668 enirn
1243 3597 1338 3668 roeis
1358 3597 1473 3669 flexus

404 3730 511 3813 atque
541 3723 772 3796 remissiones
801 3723 839 3793 in
869 3722 936 3794 hoc
963 3721 1133 3812 peculiari
1163 3722 1320 3794 musicae
1345 3738 1473 3812 genere

404 3855 476 3921 tam
497 3846 616 3939 magni
638 3848 810 3920 momenti
830 3853 916 3919 sunt
930 3865 1044 3937 -quarn
1065 3845 1102 3916 in
1123 3845 1236 3918 altero
1254 3848 1396 3918 cantus.

404 4115 475 4164 pour
496 4103 522 4149 la
544 4100 679 4164 premiere
700 4102 753 4150 iois
774 4101 882 4164 d'apres
901 4103 927 4151 lo
947 4101 1099 4150 manuscrit
1118 4101 1152 4150 de
1173 4102 1200 4149 la
1219 4099 1414 4163 Bibliotheque
1435 4101 1473 4149 du

404 4190 486 4241 Roi...
503 4203 552 4252 par
567 4190 600 4240 A.
614 4189 750 4253 Grapelet.
767 4190 855 4252 Paris,
873 4189 940 4250 1832,
955 4202 994 4253 gr.
1011 4189 1090 4241 in·8⁰.

432 4279 466 4343 (1)
487 4278 543 4328 Sex
559 4279 702 4329 volumina
718 4281 773 4342 J'am
795 4279 824 4327 in
842 4280 932 4328 lucem
953 4279 1053 4328 emissa
1072 4284 1150 4342 sunt,
1171 4293 1290 4342 quorum
1309 4279 1437 4328 ultimum
1457 4294 1473 4330 a
1543 4283 1546 4290 ’

403 4367 525 4420 Gastone
541 4365 686 4432 Rayuaud,
702 4368 834 4419 defuncto
851 4367 1009 4418 marchione
1025 4367 1059 4417 do
1073 4367 1173 4429 Quaux
1187 4367 1221 4418 do
1237 4366 1265 4420 S.
1282 4367 1394 4420 Hilairo.
