3552 5282
886 598 1067 658 -tlt-

444 739 480 805 et
499 733 696 806 doubles...
716 734 779 803 Est
792 732 938 822 appelee
956 735 1121 822 musique
1138 738 1231 803 ceste
1250 731 1388 804 soieu'ce
1408 738 1510 806 natu-

446 859 519 930 rele
537 876 626 949 pour
646 875 684 928 ce
704 875 775 946 que
791 858 842 927 les
861 856 918 927 diz
938 865 973 928 et
990 857 1170 944 chancons
1190 876 1255 948 par
1273 859 1357 929 eulx
1377 858 1444 930 lain
1464 876 1510 928 ou

448 982 553 1052 livres
575 980 746 1051 metrifiez
765 999 803 1052 se
824 981 932 1052 lisent
953 981 997 1052 de
1017 981 1157 1052 boucbe
1182 988 1216 1053 et
1243 983 1422 1072 proferent
1448 1000 1511 1072 par

447 1105 525 1176 voir
547 1123 618 1178 non
646 1124 711 1195 pas
731 1105 938 1184 coactante,
960 1113 1128 1195 lantque
1148 1106 1199 1176 les
1220 1104 1351 1177 douces
1370 1106 1510 1195 paroles

445 1228 539 1300 ainsi
570 1228 691 1300 laictes
717 1235 752 1300 et
780 1228 964 1301 recordees
995 1246 1059 1318 par
1082 1229 1162 1299 voir
1184 1229 1339 1318 plaisent
1362 1248 1431 1300 aur
1456 1247 1511 1302 es·

342 1439 345 1446 ,
446 1359 594 1426 coutans
623 1353 765 1443 quites
800 1360 925 1443 oyent.
958 1353 988 1424 si
1021 1371 1091 1444 que
1121 1371 1167 1423 au
1199 1371 1270 1443 puy
1297 1352 1507 1433 d’dmoors‚

446 1479 721 1550 anciennement
755 1485 790 1549 et
822 1496 970 1549 encores
1004 1485 1231 1549 acoustumez
1264 1494 1308 1548 en
1344 1478 1509 1567 pluseurs

447 1602 548 1673 villos
568 1608 603 1673 et
622 1602 708 1673 citer
728 1601 792 1672 des
812 1603 889 1691 pais
910 1609 944 1672 et
966 1619 1152 1692 royaumes
1173 1600 1220 1672 du
1244 1601 1387 1673 monde.
1415 1629 1430 1665 ι

496 1726 699 1798 centesimo
727 1734 845 1798 autem
880 1725 953 1798 lere
984 1733 1067 1818 post
1096 1744 1192 1798 anno
1226 1725 1350 1798 eadem
1386 1723 1509 1800 scribit

446 1849 683 1922 Molinettus:
712 1877 727 1913 ‹
753 1851 998 1941 Rbetbortque
1026 1851 1182 1942 vulgaire
1206 1858 1260 1922 est
1286 1867 1358 1921 uno
1386 1868 1509 1941 espcoe

447 1974 491 2047 de
512 1975 678 2064 musique
696 1975 843 2066 appelee
863 1975 1083 2066 rytbmique,
1102 1975 1164 2065 qui
1185 1973 1344 2046 contient
1364 1994 1410 2046 un
1434 1992 1508 2046 cer-

447 2099 521 2170 tain
553 2100 701 2172 nombre
730 2099 774 2170 de
804 2099 973 2180 sillabes‚
1004 2117 1178 2189 avecques
1206 2117 1346 2170 aucune
1372 2097 1510 2169 suavitd

447 2224 739 2315 d’equisonauce.
764 2251 779 2288 ›

496 2350 686 2422 Gratianus
715 2349 759 2448 de
793 2349 903 2420 Ponte
937 2366 1062 2419 rursus
1098 2349 1269 2420 musicam
1304 2355 1339 2419 et
1372 2346 1507 2438 poesim

447 2475 651 2546 simillimas
667 2475 760 2544 inter
776 2491 813 2544 se
828 2491 908 2544 esse
923 2472 1090 2549 allirmat.
1111 2471 1299 2562 utriusque
1314 2473 1410 2543 enim
1427 2470 1508 2542 linis

447 2606 501 2672 est
523 2601 664 2671 aurium
685 2600 870 2689 voluptas;
893 2599 993 2671 alteri
1016 2599 1179 2688 quinque
1200 2598 1308 2669 lineis
1326 2615 1417 2688 opus
1436 2604 1506 2676 est,
1552 2669 1557 2678 ,

447 2724 549 2796 alteri
575 2725 738 2815 quinque
760 2724 963 2805 vocalibus;
994 2724 1150 2795 musicae
1175 2721 1362 2794 delectatio
1391 2721 1508 2792 omnis

448 2849 484 2918 in
506 2855 629 2927 cantu,
653 2848 771 2938 poesis
792 2849 828 2918 in
852 2847 1111 2920 declamatione
1130 2854 1197 2919 est.
1419 2927 1425 2937 ,

497 2973 585 3044 Cum
615 2978 732 3043 autem
763 2972 831 3043 boc
849 2972 893 3044 de
923 2972 1021 3062 poesi
1043 2972 1238 3052 sentirent,
1265 2989 1411 3043 necesse
1436 2976 1510 3042 erat

448 3095 636 3168 sententiis
654 3095 831 3167 secundas
848 3104 966 3186 parles
984 3095 1075 3177 dari,
1094 3113 1166 3185 quo
1186 3096 1385 3168 accuratius
1405 3113 1509 3166 sono·

447 3239 525 3291 rum
547 3226 740 3290 concentus
761 3227 1003 3309 quaereretur,
1023 3227 1135 3310 einer
1152 3221 1398 3310 rhythmorum
1417 3239 1509 3311 syrn-

448 3343 618 3433 plrouiam
660 3362 899 3433 versuumque
941 3343 1105 3423 callidam
1145 3342 1418 3434 dispositionem
1457 3344 1508 3416 vel

447 3467 671 3538 iterationem
693 3467 837 3538 suavior
856 3468 970 3540 lieret.

497 3593 589 3663 llaec
608 3591 843 3664 immoderata
860 3612 1030 3664 sonorum
1047 3613 1130 3666 cura
1151 3613 1222 3665 non
1245 3594 1350 3666 modo
1370 3595 1509 3668 animos

446 3736 467 3786 a
504 3718 779 3807 cogitationibus
814 3719 1035 3802 abducebat,
1072 3721 1134 3792 sed
1172 3722 1278 3792 etiam
1314 3721 1510 3792 sententias

446 3843 548 3931 quasi
569 3824 734 3915 claustris
753 3845 962 3917 constrictas
984 3845 1201 3950 includebat.

496 3967 634 4052 Quibus
657 3969 762 4039 rebus
783 3988 997 4060 magnopere
1017 3970 1183 4042 favebant
1205 3971 1341 4060 poetica
1361 3970 1511 4042 concilia
1591 3967 1594 3972 ’

447 4091 550 4182 vulgo
571 4090 681 4183 podio
707 4091 820 4176 dicta;
851 4094 1084 4184 quamobrem
1115 4095 1152 4164 in
1182 4094 1387 4185 regionibus
1406 4112 1507 4185 orae·

447 4215 568 4287 sertim
607 4217 899 4306 septentrionalis
936 4218 1093 4299 Galliae,
1131 4211 1191 4289 ubi
1227 4218 1289 4288 illa
1323 4218 1506 4309 vigebant,

448 4341 593 4414 morbus
628 4342 746 4432 poesis
780 4342 996 4414 domesticae
1030 4342 1156 4434 crevit,
1190 4343 1345 4433 indeque
1378 4341 1510 4436 serpsit
