3552 5282
837 584 957 648 --ιι
978 615 1018 630 -

457 729 503 800 lis
525 745 616 818 quae
637 726 674 796 in
695 726 899 816 prooemio,
922 723 1024 812 eujus
1043 719 1186 791 initium
1218 715 1322 788 mollo
1345 713 1467 796 retuli,-

407 856 452 928 (le
470 855 588 926 littera
606 859 703 924 muta
722 848 926 923 relidenda
946 845 1125 939 praeoepit
1144 843 1369 922 llolinettus‚
1392 839 1469 912 ‹lis-

408 980 548 1070 oipulus
568 978 649 1072 eius·
665 975 765 1070 addit
792 975 885 1044 liano
910 973 1097 1043 elisionem
1123 969 1229 1041 etiam
1259 969 1296 1038 in
1318 983 1472 1072 'caesura

412 1102 532 1197 (quam
551 1099 734 1194 quadrare
752 1099 919 1190 appellat)
943 1094 1141 1166 laeiendam
1162 1109 1256 1166 esse.

457 1225 589 1298 Eodem
605 1231 729 1296 tractat
744 1222 870 1294 ordine
881 1239 952 1312 quo
963 1220 1169 1292 Mollneltus
1180 1216 1321 1308 singula
1332 1233 1473 1306 poema·

408 1361 483 1424 tum
504 1368 649 1443 genera.

458 1475 504 1546 ut
528 1472 685 1564 rhythmi
712 1472 867 1563 duplicis
894 1472 1057 1561 exempla
1083 1469 1235 1550 habeas,
1257 1467 1381 1539 laudat
1403 1493 1418 1529 ι
1440 1466 1473 1536 le

410 1599 545 1669 Roman
566 1597 610 1670 de
630 1597 664 1668 la
684 1596 776 1668 Ruso
796 1614 861 1686 par
889 1595 949 1667 (lix
974 1601 1009 1666 et
1035 1611 1123 1665 oure
1145 1587 1234 1686 (sio),
1256 1598 1291 1664 et
1310 1609 1374 1680 par
1393 1589 1473 1660 huit

409 1728 444 1793 et
464 1721 565 1802 neul,
589 1722 639 1792 les
661 1721 894 1804 translations
915 1719 978 1791 des
997 1719 1150 1790 Eneides
1170 1717 1215 1789 ιιι
1234 1716 1398 1807 Virgille,
1420 1715 1472 1786 les

409 1846 569 1936 Epistres
588 1844 751 1928 d’Ovide,
774 1852 841 1916 ete.
868 1842 914 1936 ll)
938 1871 973 1910 ι.

460 1967 595 2040 Deinde
610 1969 803 2059 exponitur
815 1969 872 2041 lex
883 1988 974 2040 nora
991 1969 1035 2041 de
1050 1969 1187 2040 vieilrus
1198 1985 1364 2039 versuum
1386 1983 1473 2037 mas·

410 2095 610 2166 ouliuorum
639 2093 968 2184 femininorumque
996 2094 1241 2173 alternandis,
1273 2111 1379 2183 quam
1416 2090 1475 2162 lrio

410 2219 565 2309 primurn
587 2235 792 2308 expressam
813 2225 913 2309 puto,
935 2237 1006 2308 qua
1024 2218 1069 2290 (le
1088 2236 1195 2290 eausa
1214 2216 1303 2288 lauti
1323 2234 1365 2287 ea
1383 2214 1471 2286 milri

410 2342 550 2415 ridetur
575 2360 655 2413 esse
683 2344 854 2414 momenti
882 2350 921 2414 ul
945 2343 1025 2433 ipsa
1049 2343 1233 2432 seripturis
1257 2341 1364 2413 verba
1387 2340 1473 2412 rele-

410 2485 513 2536 ram:
537 2493 552 2530 ‹
572 2467 740 2556 Laquelle
760 2467 860 2554 lapon
881 2467 925 2538 de
945 2467 1034 2538 rime
1053 2462 1264 2556 (doublette)
1286 2471 1340 2537 est
1358 2484 1379 2535 a
1399 2483 1473 2554 pre·
1564 2463 1566 2466 ’

411 2599 490 2663 sent
510 2590 593 2662 bien
614 2591 773 2663 enriolrie
792 2610 856 2682 par
877 2592 1130 2682 monseigneur
1144 2591 1282 2674 crelin,
1305 2608 1388 2681 pere
1411 2589 1473 2662 des

411 2723 571 2787 orateurs
603 2714 811 2795 modernos,
850 2716 966 2806 lequel
996 2734 1040 2787 en
1075 2735 1133 2806 ses
1163 2716 1419 2806 compositione
1453 2733 1474 2785 a

411 2839 534 2911 trouve
552 2846 646 2910 ueste
664 2840 770 2930 (ligne
790 2850 824 2912 ιι
844 2843 1008 2912 nouvelle
1035 2842 1193 2912 maniere
1222 2839 1308 2930 qu’il
1336 2858 1400 2912 use
1429 2857 1472 2910 en

409 2963 493 3035 telle
512 2981 610 3053 ryme
629 2962 673 3034 ιιι
692 2963 785 3035 (leur
806 2982 884 3035 vers
906 2965 1099 3035 maseulins
1120 2971 1155 3036 et
1180 2964 1272 3036 deur
1300 2960 1404 3053 apres
1424 2964 1471 3034 le-

411 3087 560 3158 minins.
578 3087 680 3158 Ainsi
698 3089 1019 3178 proseoutirement
1038 3108 1085 3159 un
1106 3091 1231 3180 eouple
1248 3089 1334 3160 (l'un
1351 3095 1387 3160 ιι
1403 3107 1474 3179 ung

411 3213 536 3301 eouple
556 3211 692 3284 d'aulre
711 3220 746 3284 et
766 3233 786 3283 a
806 3215 840 3284 la
860 3214 968 3285 verite
984 3222 1077 3286 ueste
1099 3214 1203 3286 mede
1227 3221 1261 3285 ιι
1290 3213 1473 3285 invention

411 3353 525 3431 sonne
540 3335 724 3426 beaucoup
741 3337 883 3426 myeulr
901 3344 969 3408 eta
989 3339 1060 3409 tres
1077 3337 1224 3427 parlalel
1238 3345 1272 3408 ιι
1286 3337 1400 3409 enller
1416 3354 1474 3407 ao-

410 3465 490 3551 oent
510 3460 591 3549 plus
607 3478 677 3548 que
692 3467 808 3532 toules
827 3462 877 3531 les
889 3468 1007 3531 autres
1023 3461 1199 3533 susdiotes
1218 3460 1474 3551 composilions

410 3583 454 3654 de
473 3591 567 3655 ueste
587 3585 675 3656 rime
695 3585 739 3656 de
759 3584 954 3666 doubletle
973 3605 1030 3657 ear
1049 3586 1074 3657 il
1091 3594 1145 3659 est
1166 3594 1312 3678 nuloyre
1328 3606 1398 3677 que
1413 3605 1474 3676 up·

277 3713 281 3719 ’
410 3707 526 3797 posita
545 3709 646 3796 juxta
666 3727 704 3779 se
720 3710 835 3798 posita
856 3711 967 3799 magis
984 3711 1201 3789 elucescunt,
1220 3719 1255 3782 et
1270 3712 1314 3783 de
1332 3712 1366 3781 la
1383 3710 1475 3782 dieta
1599 3720 1602 3724 ’

410 3831 594 3925 invention
614 3833 743 3924 ieelluy
760 3834 879 3905 Cretin
900 3854 920 3904 a
939 3836 1003 3906 use
1021 3853 1065 3905 en
1086 3855 1151 3906 son
1169 3854 1288 3908 oeurre
1303 3835 1392 3926 qu’il
1413 3836 1475 3908 lail

352 3981 355 3986 ¹
411 3975 473 4027 sur
493 3957 524 4027 ιι
540 3957 679 4028 lleoueil
701 3957 763 4028 des
782 3959 999 4048 Crouioques
1019 3960 1063 4031 (le
1080 3962 1211 4031 Franoe
1228 3968 1262 4032 ιι
1278 3968 1398 4032 autres
1417 3977 1474 4032 ses

411 4100 550 4153 oellvl'es
570 4108 605 4150 r.
658 4136 660 4140 .

441 4345 474 4410 (l)
490 4345 673 4411 Translatore,
689 4355 719 4398 ut
733 4350 798 4398 mihi
815 4349 934 4413 videtur,
952 4350 1104 4402 Octaviano
1120 4351 1154 4400 de
1172 4351 1274 4401 Sancto
1292 4351 1412 4404 Gelasio.
