3552 5282
728 646 904 744 -raf

276 788 395 860 ferret.
419 792 583 858 Attamen
612 804 683 856 non
710 786 875 876 equidem
906 786 1104 876 negaverim
1133 783 1364 856 lniortuua·.

277 918 352 984 tum
381 910 556 984 lllolinetti
590 909 680 981 lihro
715 911 943 1001 aliquatenus
973 929 1077 982 usum
1109 927 1201 982 esse.
1236 907 1338 980 Haud

192 1019 196 1026 ⁴
278 1037 372 1108 enim
407 1054 509 1108 senos
538 1041 645 1125 atque
673 1036 734 1106 ille
762 1036 849 1106 haec
873 1035 1061 1126 praecipit,
1084 1041 1123 1106 ut
1142 1034 1340 1124 negligatur

278 1161 467 1252 rhythmus
487 1159 603 1232 (lictus
626 1159 670 1230 de
691 1165 805 1252 porat,
827 1168 997 1250 tanquam
1024 1160 1103 1231 istis
1129 1159 1337 1249 relinquen·

62 1259 66 1266 x
159 1355 162 1360 ,
279 1284 346 1356 dus
363 1303 453 1374 qnos
473 1305 620 1354 roroooc
639 1286 795 1376 appellat
816 1282 885 1379 (l),
904 1291 1172 1375 struanturquc‚
1199 1303 1269 1375 quo
1290 1283 1339 1354 la·

278 1409 381 1481 cilius
409 1408 610 1501 suppeditet
637 1411 885 1502 rhythmorum
913 1409 1031 1501 copia,
1056 1427 1157 1481 voces
1185 1426 1339 1481 novaoe

279 1534 502 1626 simplicibus
522 1536 682 1618 vooihus,
704 1536 826 1608 addita
848 1556 919 1607 uua
939 1555 957 1608 o
978 1535 1160 1627 particulis
1178 1555 1262 1626 por,
1279 1533 1338 1621 de,

278 1658 350 1752 dis,
372 1681 454 1743 oon,
475 1657 557 1742 sub,
577 1682 618 1731 re
640 1657 704 1754 (t).
728 1661 923 1733 Prohibent
948 1662 1054 1734 eliam
1082 1660 1188 1733 ambo
1218 1660 1338 1732 verho-

278 1803 357 1856 rum
368 1785 573 1858 iterationes
588 1783 741 1880 (reditas)
755 1794 789 1859 et
800 1788 964 1859 eumdem
981 1794 1161 1860 sectantur
1175 1786 1338 1859 ordinem

270 1929 359 1982 oum
377 1918 487 2003 agunt
507 1911 552 1984 do
572 1912 677 1984 variis
694 1919 898 2003 poematum
919 1912 1119 2004 speciebus.

329 2036 478 2126 Saepius
498 2042 618 2108 tamon
640 2037 675 2107 in
696 2037 855 2109 diversas
880 2039 1032 2110 tendunt
1056 2048 1174 2129 partes
1197 2037 1268 2108 duo
1287 2037 1341 2109 illi

280 2161 488 2251 scriptores,
511 2169 551 2233 ut
570 2169 656 2252 puta
676 2181 756 2234 oum
777 2162 828 2232 lot
846 2171 880 2235 et
898 2162 1027 2233 or'relot
1043 2163 1234 2235 definiunt.

330 2288 590 2359 lniortuuatom
609 2307 687 2360 roro
704 2307 828 2360 omnes
849 2289 910 2378 qui
931 2288 1030 2379 prius
1050 2307 1091 2360 ea
1111 2288 1155 2360 de
1176 2307 1211 2362 ro
1231 2289 1341 2379 sorip·

281 2417 401 2481 serant
420 2411 546 2482 vicisse
565 2430 607 2483 ex
627 2431 667 2484 eo
689 2415 895 2503 praesertim
916 2413 1142 2485 manifestum
1160 2423 1226 2496 est,
1246 2414 1342 2505 quod

281 2536 369 2606 ratio
391 2536 556 2608 universa
575 2537 656 2609 lihri
679 2539 790 2630 magis
812 2548 885 2620 est,
903 2547 941 2610 ut
961 2540 1010 2611 ita
1030 2539 1159 2620 dicam,
1177 2557 1341 2630 praecep-

281 2661 370 2741 tiva,
397 2662 502 2733 simul
523 2662 620 2752 quod
646 2665 723 2754 ipse
744 2671 778 2736 et
805 2664 922 2754 magni
944 2664 1119 2754 poeticum
1141 2683 1341 2739 sermonem

223 2877 226 2884 Ι
281 2787 469 2859 aestimare
502 2765 657 2869 videtur,
680 2796 714 2860 et
746 2789 912 2880 rhythmo
944 2790 1234 2880 anteponendum
1264 2807 1343 2862 esse

282 2929 426 2982 sensum
462 2920 496 2984 et
526 2913 593 2983 vim
624 2914 882 3016 sententiarum
910 2915 1114 2987 arbitrator.
1146 2917 1343 3006 Praepollet
1457 2973 1461 2982 .

282 3035 438 3125 denique
458 3037 584 3108 ultimo
605 3038 723 3128 operis
751 3039 865 3128 capite
885 3038 946 3110 uhi
967 3039 1011 3111 de
1035 3041 1165 3112 lohulis
1186 3041 1343 3131 loquitur

282 3161 501 3234 dramaticis.

331 3288 500 3374 Quamvis
527 3297 644 3360 aulem
673 3289 866 3380 impeditus
894 3290 1006 3363 luisse
1034 3292 1194 3364 rideatur
1221 3311 1343 3364 versus

282 3412 457 3503 augustiis
485 3419 570 3507 (quo
599 3413 639 3486 sit
667 3423 723 3495 ut,
750 3434 829 3486 cum
859 3415 945 3505 quid
974 3415 1124 3489 delinire
1151 3417 1253 3498 velit,
1283 3416 1345 3488 liat

282 3536 455 3608 ohscnrus
472 3546 506 3609 et
522 3539 577 3609 vir
595 3540 701 3610 etiam
722 3538 916 3628 aliquando
936 3540 1091 3630 intellegi
1114 3537 1256 3633 possit),
1279 3541 1344 3611 mi-

284 3661 379 3735 nime
398 3669 514 3734 tamon
541 3663 689 3736 dubium
712 3671 765 3737 est
789 3666 876 3754 quin
899 3665 1051 3737 maximo
1071 3666 1231 3738 floruerit
1256 3666 1346 3737 liher

283 3785 359 3877 eius
394 3787 575 3878 plerisque
614 3788 902 3879 probatissimus
945 3789 1046 3875 Quod
1084 3783 1208 3880 liquet‘
1234 3790 1344 3861 cuivis

314 4068 348 4132 (l)
360 4069 520 4119 Molinoltus
534 4071 642 4120 dixerat
656 4086 661 4119 :
679 4088 690 4117 u
705 4071 773 4120 Mais
788 4072 835 4133 qui
848 4073 923 4121 veult
935 4073 1094 4134 practiquer
1107 4073 1133 4120 la
1146 4073 1255 4121 soienoo
1268 4073 1345 4124 choi·

285 4158 354 4206 sisse
376 4158 496 4221 plaisans
518 4161 703 4223 equivoqnes,
722 4165 822 4209 termes
841 4161 1003 4219 leonismes,
1019 4165 1046 4210 el
1064 4162 1146 4211 laissa
1163 4162 1202 4211 les
1222 4162 1344 4226 bergiers
1401 4153 1404 4162 ’

286 4245 333 4294 des
348 4247 459 4311 champs
473 4262 537 4298 usor
553 4249 586 4297 de
601 4250 661 4298 leur
676 4249 821 4310 theoriquo
839 4252 866 4298 et
881 4249 1039 4311 rhetorique
1054 4250 1153 4299 rurale.
1170 4267 1182 4297 n

318 4335 349 4399 (2)
371 4337 530 4388 Molinetlus
549 4354 555 4387 :
578 4355 590 4385 o
611 4340 804 4388 Pareillemont
821 4339 880 4388 doit
898 4341 923 4388 le
943 4340 1049 4389 faoteur
1063 4340 1156 4403 querir
1175 4344 1202 4390 el
1221 4341 1344 4389 serchier

286 4442 390 4478 aucuns
405 4443 467 4479 vers
482 4444 627 4493 composez
642 4430 676 4479 de
692 4431 878 4492 proportions,
893 4445 997 4480 comme
1011 4446 1035 4492 a,
1053 4435 1096 4495 de,
1112 4446 1150 4492 rc,
1167 4445 1239 4492 com,
1254 4433 1342 4481 suh.»
1389 4487 1392 4498 ¹
