3552 5282
866 583 1047 644 ,103-

423 720 765 811 logicquc‚.poetrie
792 722 891 791 aussi
920 737 966 791 ue
993 727 1153 791 monstro
1177 720 1278 810 point
1297 720 1332 790 la
1352 720 1491 792 science

423 843 745 923 denominentur
770 845 853 916 telle
881 847 1021 917 science
1046 847 1250 935 appartient
1267 863 1313 916 en
1331 845 1446 935 partie
1468 867 1490 916 a
1569 861 1575 870 ·

425 969 645 1039 Grammaire
664 976 700 1040 cl
716 987 760 1040 cn
781 970 896 1058 partie
920 989 942 1038 a
961 970 1198 1059 llhetoriqno,
1223 977 1259 1040 et
1277 988 1369 1060 pour
1393 977 1487 1050 tant,

425 1110 550 1162 arnon
573 1092 688 1172 auris,
707 1093 741 1163 la
759 1091 808 1162 lin
830 1101 864 1164 el
885 1093 1099 1165 l’entencion
1114 1093 1160 1164 do
1174 1094 1310 1183 poetrie
1325 1093 1356 1164 si
1375 1101 1431 1166 est
1445 1093 1491 1166 dc

424 1215 565 1286 laindrc
589 1215 768 1306 hystoires
792 1235 840 1287 on
863 1216 998 1286 anltres
1021 1215 1149 1287 choses
1174 1215 1275 1286 selon
1302 1216 1336 1286 le
1359 1234 1490 1306 propos

424 1339 560 1429 dnqnel
584 1357 631 1410 on
656 1340 753 1412 reult
774 1340 911 1430 parler,
933 1348 969 1411 et
991 1340 1037 1411 de
1064 1339 1130 1412 luit
1156 1357 1223 1411 son
1249 1359 1333 1411 nom
1361 1359 1401 1411 sc
1426 1339 1490 1412 de-

426 1471 606 1545 monstro,
628 1483 688 1535 car
718 1465 853 1555 poetrie
886 1466 979 1535 n’cst
1011 1465 1126 1535 anltre
1153 1465 1307 1535 chosea
1338 1463 1417 1536 dire
1446 1482 1491 1535 ne

426 1587 517 1657 mais
536 1589 677 1659 science
695 1589 758 1678 qni
777 1596 905 1678 aprent
924 1607 944 1657 a
965 1587 1117 1659 laintlre.
1140 1615 1156 1650 ›

474 1712 510 1782 Si
527 1713 633 1784 ceteri
649 1714 840 1802 scriptores
855 1711 979 1784 eadem
996 1712 1147 1802 praelati
1167 1730 1239 1783 non
1255 1720 1438 1791 curarunt,
1452 1732 1491 1785 se

425 1845 545 1908 tamen
565 1846 701 1926 partem
722 1837 915 1927 qnamdam
935 1813 1075 1909 tantum
1092 1837 1181 1908 artis
1196 1838 1353 1928 poeticae
1370 1837 1491 1909 (loctu-

425 1980 484 2032 ros
504 1962 765 2051 significarunt,
786 1980 866 2034 cum
885 1964 923 2033 iu
939 1963 1054 2034 titulis
1068 1962 1202 2034 libellis
1218 1964 1295 2034 suis
1310 1964 1491 2061 inscriptis

426 2104 498 2157 non
526 2085 634 2157 mollo
657 2087 803 2158 verhum
827 2088 950 2160 Poesis
974 2106 1161 2177 nunqnam
1186 2087 1407 2168 inveniatur,
1429 2086 1492 2158 sed

425 2210 533 2283 rerho
549 2211 654 2283 etiam
667 2212 877 2284 Rhetoricae
887 2211 959 2282 alia
969 2229 1111 2301 semper
1126 2211 1295 2302 adjuncta
1309 2212 1384 2284 sint
1400 2229 1493 2302 quae

425 2337 503 2426 eius
518 2353 666 2408 sensum
681 2335 888 2418 definirent,
903 2344 955 2418 ut,
973 2336 1128 2427 exempli
1144 2355 1251 2408 cansa
1270 2361 1279 2407 :
1296 2363 1313 2399 ι
1328 2336 1489 2408 llhetori-

427 2478 497 2549 qne
513 2461 582 2532 laie
597 2485 638 2549 »5
657 2487 672 2524 ‹
688 2459 849 2532 Secondc
864 2461 1071 2550 rhetoriqne
1086 2483 1122 2539 ›;
1141 2460 1391 2549 ‹Rhetoriqne
1401 2455 1491 2550 pour

429 2585 538 2656 rimer
558 2604 602 2658 en
620 2586 801 2677 plusieurs
819 2586 996 2657 manicres
1013 2608 1053 2667 »;
1081 2613 1097 2648 ι
1116 2584 1334 2674 Rhetoriqne
1353 2602 1400 2655 on
1419 2584 1491 2655 l’on

429 2716 550 2782 trouve
579 2719 726 2793 termes,
755 2719 904 2802 patrous
931 2717 966 2782 et
1000 2710 1154 2797 lormes,
1174 2709 1379 2801 exemples‚
1407 2728 1490 2780 con·

428 2834 525 2906 leurs
547 2844 583 2908 et
606 2811 736 2928 ligures
763 2837 808 2909 tle
830 2837 985 2908 dictions
1009 2843 1045 2908 et
1067 2837 1186 2909 tailles
1212 2836 1402 2908 modernas
1427 2834 1491 2926 qai

429 2968 512 3032 sont
530 2960 755 3033 maintenant
769 2980 814 3033 en
834 2979 963 3053 usage;
986 2989 1002 3024 ι
1027 2968 1061 3033 et
1081 2962 1153 3032 alia
1171 2962 1280 3033 uaria

477 3084 574 3156 Nihil
600 3085 708 3176 igitur
734 3085 833 3156 aliun
860 3085 1043 3157 inanimo
1070 3086 1276 3158 hahuerunt
1298 3086 1361 3176 qui
1390 3085 1491 3156 Artes

429 3208 637 3281 Rhetoricae
674 3210 895 3301 rhythmicae
930 3210 1151 3301 scripserunt
1186 3211 1257 3282 nisi
1291 3217 1332 3282 ut
1360 3209 1491 3281 lormas

429 3333 667 3423 quorumdam
695 3342 899 3425 poematum
930 3334 1092 3407 discendi
1125 3335 1266 3426 cupidis
1297 3329 1489 3407 traderent.

430 3460 528 3531 lianc
549 3459 596 3530 oh
615 3477 778 3541 causam,
800 3479 880 3532 cnm
905 3461 1150 3552 exemplorum
1171 3460 1417 3552 interpretatio
1438 3467 1493 3532 est

428 3582 562 3665 facilis,
597 3601 639 3654 ea
675 3583 852 3674 prolerre,
888 3585 1028 3677 legibus
1062 3603 1136 3657 nou
1169 3585 1363 3676 expositis,
1403 3585 1491 3656 satis

428 3706 574 3779 hahent.
597 3708 635 3778 Si
650 3715 767 3779 autem
789 3709 1040 3782 snhtiliorihns
1060 3707 1398 3801 opinoslorihnsqna
1418 3728 1492 3781 ver-

428 3848 533 3902 suum
567 3831 683 3902 modis
715 3832 849 3922 primas
882 3840 1000 3923 partas
1036 3834 1221 3915 trihnnnt,
1254 3833 1491 3924 simpliciores

428 3961 547 4026 umen
573 3973 646 4026 non
667 3974 808 4047 semper
827 3956 1052 4048 despiciunt,
1079 3959 1142 4030 sed
1167 3957 1343 4030 laciliores
1367 3958 1488 4048 vulga·

427 4079 609 4171 tionesque
646 4080 782 4153 ducunt
815 4100 924 4172 quam
961 4090 1000 4154 nt
1036 4100 1098 4154 eos
1136 4089 1331 4173 exponant.
1368 4081 1491 4170 Neque

427 4221 586 4293 unquam
606 4204 703 4276 hunc
717 4224 797 4278 esse
812 4213 951 4296 poetam
969 4206 1032 4296 qui
1051 4207 1247 4288 rnnoellns,
1260 4207 1410 4290 ballatas
1426 4223 1490 4276 seu

427 4329 579 4420 quodvis
607 4330 707 4402 alind
733 4350 860 4422 poema
886 4330 1010 4415 efficit,
1031 4331 1096 4405 sed
1119 4328 1419 4425 componentibus
1446 4347 1487 4404 ea
