3552 5282
858 661 1040 744 ..111-

417 802 601 892 louanges
625 801 891 891 preemineuces
912 809 946 873 et
966 800 1120 890 diguitis
1138 800 1201 871 des
1223 818 1303 891 roys
1322 807 1398 872 tant
1414 797 1479 870 im-

418 925 651 1015 mortaleque
671 925 817 997 mortelz
841 921 905 1018 (l).
930 949 947 989 o

465 1049 568 1134 Quod
587 1057 720 1140 spectat
737 1047 782 1118 ad
802 1048 959 1119 carmina
980 1049 1082 1139 vulgo
1102 1047 1150 1115 lai
1170 1053 1205 1119 et
1221 1045 1353 1117 circini
1371 1046 1479 1140 dicta,

416 1193 538 1247 eorum
570 1174 607 1248 in
641 1173 847 1244 memoriam
885 1173 1133 1245 tantummodo
1167 1173 1342 1261 majorum
1384 1191 1481 1244 men-

417 1299 549 1371 tionem
574 1297 669 1378 tacit‚
697 1316 842 1386 «quos,
866 1315 945 1368 cum
969 1315 1012 1376 ex
1040 1297 1237 1369 rusticitate
1257 1303 1292 1367 et
1314 1295 1480 1368 berhario

417 1421 454 1493 in
476 1421 678 1512 politiorem
695 1422 828 1492 cultum
849 1439 915 1492 nos
942 1421 1163 1502 induxerint,
1185 1427 1326 1510 patrum
1347 1427 1382 1492 et
1404 1439 1480 1490 ma-

415 1546 607 1636 gistrorum
628 1546 704 1617 loco
728 1544 887 1618 venerari
907 1547 1043 1636 justum
1065 1551 1166 1617 est.»

464 1670 519 1742 hd
552 1669 660 1742 tinem
690 1671 847 1762 denique
877 1670 1013 1760 operis,
1037 1670 1140 1760 quasi
1162 1670 1200 1740 in
1225 1669 1477 1760 appendicem,

416 1795 547 1886 relegat
580 1796 757 1887 quidquid
791 1795 878 1867 dicit
910 1796 954 1867 de
985 1795 1146 1866 versibus
1178 1795 1278 1866 nullo
1312 1795 1479 1886 rhythmo

415 1919 611 2012 adstrictis,
633 1921 766 2010 quihus
787 1923 1034 1992 Bouaventura
1054 1919 1117 1990 des
1138 1920 1275 1990 Periers
1304 1937 1389 1990 usus
1410 1925 1476 1999 est,

416 2051 451 2115 et
484 2042 528 2114 de
559 2043 686 2134 priscis
719 2043 967 2135 rhythmorum
1000 2042 1123 2134 nugis,
1152 2042 1285 2132 quihus
1314 2043 1479 2114 Clemens

416 2168 600 2247 Marullus,
614 2186 692 2237 cum
707 2168 849 2257 juvenis
864 2166 1057 2238 admodum
1074 2173 1181 2247 esset,
1196 2166 1360 2247 indulsit,
1373 2185 1475 2256 quas,

415 2311 495 2364 cum
521 2309 721 2365 sermonem
750 2291 901 2362 latinum
927 2291 1114 2381 usurpanti
1140 2309 1265 2363 omues
1291 2309 1479 2362 numerare

416 2415 512 2487 haud
533 2422 736 2506 promptum
759 2416 861 2496 toret,
880 2415 1004 2506 gallico
1023 2432 1188 2487 sermone
1204 2414 1448 2486 adnumeraho
1467 2439 1475 2484 :

416 2540 578 2631 kyrielle‚
598 2539 686 2611 rime
706 2539 1317 2621 6111316116,311116113113111116,
1339 2540 1478 2611 euchai-

415 2665 500 2744 nee‚
525 2664 653 2750 senee,
682 2665 904 2746 6111161166,
932 2664 1148 2754 emperiere,
1179 2689 1194 2726 ‹
1225 2663 1269 2734 de
1298 2669 1392 2735 ceste
1420 2663 1478 2733 u’a

415 2765 517 2880 point
533 2789 597 2861 use
613 2790 724 2859 hlarot
741 2809 787 2862 ne
807 2791 857 2861 les
876 2786 1031 2861 celebres
1048 2785 1169 2879 poetes
1186 2787 1230 2859 de
1249 2806 1288 2859 ce
1308 2795 1423 2877 temps
1440 2813 1475 2868 1,
1494 2880 1496 2883 .

415 2914 617 2987 oouronnee
650 2914 823 2995 annexee,
853 2931 897 2984 en
931 2913 1032 2994 echo,
1065 2913 1216 2993 11316116,
1248 2939 1263 2976 ‹
1297 2913 1359 3002 qui
1387 2913 1478 2983 n’est

413 3037 653 3129 aujourd’huy
673 3056 798 3128 gueres
825 3037 938 3108 usitee
964 3037 1049 3108 hors
1070 3037 1121 3108 les
1145 3036 1292 3109 helades
1312 3045 1347 3109 et
1366 3038 1477 3109 chaus

415 3181 569 3252 royaur.
603 3170 638 3233 et
670 3181 713 3234 ne
745 3169 990 3234 rencoutreras
1022 3161 1205 3234 hateleure
1233 3181 1278 3233 en
1314 3170 1394 3233 tous
1426 3162 1478 3232 les

413 3305 504 3368 vers,
529 3287 601 3358 fors
621 3287 705 3358 chen
725 3289 776 3359 les
796 3288 898 3358 vicurr
921 3284 1054 3377 poetes,
1076 3287 1137 3376 qui
1159 3293 1222 3358 ont
1241 3285 1314 3357 este
1333 3293 1477 3384 auteurs

413 3418 448 3481 et
469 3417 634 3482 aucteurs
650 3410 695 3482 de
715 3412 748 3482 13
764 3411 989 3482 1131616116...
1009 3409 1223 3500 Retrograde
1242 3417 1297 3481 est
1314 3409 1413 3480 aussi
1433 3408 1477 3480 116

413 3536 447 3606 la
471 3536 586 3607 vieille
607 3536 764 3608 modoet
784 3555 852 3627 peu
875 3537 988 3608 usitee
1007 3534 1247 3625 aujourd'huy
1267 3542 1366 3606 entre
1389 3553 1476 3606 ceux

412 3661 474 3750 qui
508 3668 571 3732 ont
601 3661 633 3732 le
660 3680 723 3733 nez
754 3661 1343 3750 1116116111...16161161613113111
1374 3659 1474 3730 rieux

412 3786 634 3876 eschiquiers
654 3804 743 3877 pour
762 3805 805 3857 eu
829 3787 913 3858 tirer
932 3786 1127 3875 exemplos,
1146 3803 1235 3875 pour
1255 3802 1293 3856 ce
1311 3785 1400 3874 qu’il
1420 3801 1476 3856 me

412 3909 549 3982 semhle
574 3930 644 4000 que
671 3913 707 4000 je
735 3919 769 3982 te
795 3911 913 4001 teroye
935 3917 1004 3982 tort
1026 3909 1070 3980 de
1096 3911 1167 3980 t'en
1189 3909 1317 3998 emplir
1338 3907 1473 3998 papier.

411 4034 478 4104 Car
493 4035 590 4106 aussi
618 4043 688 4107 tost
708 4054 813 4106 auras
840 4034 998 4107 euteudu
1025 4032 1069 4105 de
1090 4041 1148 4124 loy
1170 4051 1304 4104 mesme
1324 4033 1358 4103 13
1379 4049 1476 4122 ryme

412 4158 615 4248 retrograde
632 4177 768 4230 corume
786 4161 816 4232 le
834 4160 940 4231 rehus
955 4168 989 4231 et
1003 4160 1036 4230 le
1052 4159 1263 4249 contrepetit
1278 4158 1322 4230 de
1337 4177 1433 4230 cour.
1453 4183 1469 4220 ι

441 4412 474 4480 (1)
489 4413 520 4466 r.
536 4413 588 4464 rao.
