3584 5286
757 621 915 680 ..⁶27-

304 757 392 830 mibi
415 777 456 832 eo
478 758 700 850 probabilius
726 759 865 832 ridetur
887 757 984 849 quod
1010 775 1076 829 nee
1096 756 1298 829 christinae
1322 756 1366 829 (16

306 882 436 954 Pisano
462 882 629 973 quidem,
652 893 745 973 quae
763 882 808 954 6(1
828 901 1005 954 summam
1025 882 1173 972 gloriam
1193 879 1285 953 circe
1303 899 1366 954 an·

307 1026 371 1080 nos
394 1008 797 1098 1106-111066116611,
819 1006 953 1080 scilicet
974 1005 1364 1098 antequem‘Froissar-

306 1133 373 1205 dns
393 1133 619 1216 decessisset,
637 1135 675 1206 in
691 1136 775 1206 Arte
794 1151 926 1206 nomen
946 1133 1133 1224 reperires.
1152 1131 1365 1222 scriptorem

305 1258 343 1328 in
361 1257 521 1330 Picerdia
537 1258 645 1330 ritem
662 1259 777 1349 egisse
794 1265 989 1349 poetasque
1005 1259 1114 1348 nujus
1131 1256 1286 1348 regionis
1306 1263 1368 1328 661

306 1382 401 1455 solos
418 1382 559 1456 novisse
575 1391 637 1455 661
652 1390 744 1456 certe
762 1383 908 1474 majoris
926 1381 1095 1454 momenti
1109 1400 1217 1473 qnam
1233 1389 1367 1454 ceteros

306 1507 454 1593 iecisse,
483 1508 692 1582 nominibus
718 1509 763 1580 ab
791 1509 870 1600 ipso
897 1508 1058 1599 allegetis
1084 1507 1190 1598 plene
1215 1491 1365 1580 demon·

307 1640 451 1705 stratur.
470 1634 603 1705 Cautus
618 1633 726 1725 igitur
741 1652 821 1707 esse
838 1633 977 1706 ridetur
992 1633 1021 1705 si
1040 1633 1123 1724 quis
1142 1640 1367 1725 tempusque

306 1758 449 1832 libellus
470 1759 547 1850 ejns
564 1759 718 1850 scriptus
733 1760 839 1834 inerit
858 1778 921 1851 pro
938 1766 1121 1843 certonon
1139 1759 1269 1832 babeat
1285 1765 1369 1832 ante

308 1902 415 1974 quam
435 1885 506 1955 6116
526 1885 576 1956 rei
596 1884 730 1957 indicia
747 1892 886 1977 reperte
905 1885 1049 1958 inerint.

356 2009 398 2080 Hi
420 2015 505 2081 sunt
530 2017 654 2100 poetae
678 2009 715 2081 16
741 2009 916 2101 principio
937 2009 1055 2101 operis
1073 2005 1367 2080 commemorati:

362 2161 376 2198 ‹
403 2133 546 2206 Maistre
573 2135 774 2206 Gniiiaome
803 2135 847 2207 (16
875 2134 977 2206 Seint
1003 2135 1150 2213 timeor,
1180 2132 1298 2223 lequel
1323 2150 1369 2202 on

307 2256 425 2350 porris
454 2259 497 2332 (16
523 2259 621 2331 Paris
647 2259 706 2332 fist
729 2259 906 2332 destrnire
931 2259 1094 2344 boresio,
1116 2257 1317 2349 Ypocrisie,
1337 2262 1372 2329 et

309 2384 528 2475 impeterem,
552 2385 585 2455 16
606 2402 700 2457 merc
718 2384 763 2457 (16
781 2385 1110 2466 16611-866161661,
1133 2391 1168 2456 et
1187 2402 1232 2456 en
1251 2379 1368 2475 apres,

308 2527 351 2580 en
372 2511 537 2582 l’onnenr
557 2511 601 2583 (16
623 2512 749 2584 Nostro
774 2513 904 2592 Demo,
936 2510 1020 2583 mist
1044 2512 1095 2582 ies
1123 2497 1253 2600 figures
1274 2506 1373 2581 (1616

308 2634 407 2705 Bibie
427 2641 461 2706 et
481 2635 532 2708 tes
551 2635 722 2726 appliqno
740 2655 760 2706 6
780 2636 814 2706 16
834 2634 948 2726 vierge
968 2635 1093 2717 biario,
1115 2641 1149 2706 et
1176 2652 1220 2740 en
1241 2631 1301 2704 iist
1320 2650 1370 2703 66

308 2759 361 2831 dit
376 2759 420 2832 (16
439 2779 517 2833 vers
536 2761 695 2845 nmisios,
718 2762 781 2853 qni
803 2781 841 2834 se
859 2779 1062 2835 commoneo
1080 2761 1174 2832 ainsi
1197 2785 1205 2831 :

558 2981 651 3036 116166
667 2981 701 3036 (16
717 2983 789 3054 pite,
808 2982 914 3046 Merme,

558 3077 599 3132 En
615 3080 665 3150 qui
680 3080 764 3150 deyte
780 3095 851 3151 pure
866 3089 895 3136 et
910 3081 985 3136 clere

557 3179 583 3232 A
600 3179 787 3233 ωσι-16111666
806 3179 893 3233 marie
909 3181 957 3248 (1).

359 3378 401 3447 Et
418 3377 470 3448 int
487 3377 519 3450 16
534 3379 689 3468 premier
703 3379 764 3469 qni
784 3380 902 3451 traittn
920 3378 964 3452 (16
984 3380 1018 3452 16
1038 3379 1202 3452 66666116
1219 3379 1371 3451 6616666.

359 3504 470 3592 Apron
504 3500 631 3595 iceiiny
653 3504 727 3576 rint
760 3505 905 3577 maistre
935 3504 1135 3586 Gnilienme
1160 3497 1205 3576 de
1232 3504 1371 3587 horris,

310 3628 426 3718 lequel
453 3630 685 3700 commencbe
705 3630 738 3701 16
758 3632 948 3702 Rommant
967 3630 1011 3703 (16
1034 3630 1067 3700 16
1087 3632 1179 3702 Rose
1198 3635 1233 3702 et
1248 3646 1293 3702 en
1314 3627 1385 3701 iist

307 3752 457 3842 jusqnes
476 3770 553 3824 666
573 3771 642 3843 qne
661 3754 818 3830 taionsie
837 3754 918 3828 ieist
944 3763 1069 3828 mettre
1092 3755 1150 3828 Bei
1172 3754 1291 3834 Acneil
1318 3773 1373 3830 ern

311 3895 448 3966 prison.

342 4143 375 4207 11)
388 4144 446 4194 Hoc
457 4158 564 4207 poema,
576 4147 650 4208 quod
664 4149 774 4211 saepius
785 4149 946 4198 inscribitur
958 4163 963 4199 z
975 4153 1025 4199 Les
1039 4155 1078 4199 IX
1085 4152 1158 4210 16166
1169 4153 1269 4200 Nostro
1278 4155 1374 4214 Deme,

222 4259 224 4264 ·
311 4239 377 4283 aut:
396 4237 429 4283 Lr‘
449 4238 493 4284 rtiz
508 4238 557 4284 des
574 4239 731 4296 proprietez
752 4243 851 4287 Nostro
871 4245 972 4298 Deme,
987 4253 1043 4289 non
1061 4241 1194 4291 Wilieimi
1215 4242 1249 4290 dc
1270 4241 1373 4291 Sancto

256 4316 260 4321 ’
313 4323 414 4372 Amore·
426 4325 472 4372 sod
491 4326 643 4376 Rustcbodi
658 4332 699 4376 cst
712 4327 763 4388 (Gi.
776 4329 829 4377 ΙΙ·”Ι
840 4329 990 4378 editionem
1001 4345 1115 4393 operum
1129 4333 1282 4382 Rustebodi
1296 4349 1311 4381 6
1323 4333 1374 4382 Ju-

313 4413 402 4462 binale
418 4421 548 4478 curatam,
562 4417 616 4466 vol.
634 4417 668 4479 ΙΙ,
683 4431 709 4480 pt
727 4417 788 4480 tot).
