3552 5282
427 1501 612 1559 canoram
646 1503 697 1560 nu
726 1491 879 1574 'rorum
913 1504 991 1558 aar
1018 1502 1068 1558 nr
1095 1501 1256 1558 scinucn
1286 1501 1337 1556 un
1373 1501 1495 1556 naro-

761 1637 879 1703 ruoon
907 1637 1158 1694 Mnrnrrrrnu.

475 1966 595 2036 Artem
609 1967 974 2045 novamannoroott,
989 1963 1304 2036 ediditGratianus
1315 1965 1492 2046 dePonte,

428 2088 813 2183 scutarius‚dorninus
833 2088 1070 2169 dethmaro,
1093 2089 1208 2159 iocum
1229 2095 1357 2160 tenens
1383 2089 1495 2160 taicus

427 2212 602 2303 generalis
619 2211 855 2283 senescalciae
865 2213 1062 2284 tolosanae
1076 2209 1140 2304 (t).
1154 2212 1286 2297 Quinto
1301 2220 1384 2284 ante
1398 2229 1495 2283 anuo

428 2337 619 2408 Gratianus
652 2336 783 2407 librum
812 2335 1003 2426 quemdam
1035 2333 1281 2406 Controverser
1311 2334 1371 2405 des
1397 2347 1496 2406 secter

427 2459 600 2530 inocculto
618 2466 652 2529 et
669 2458 822 2552 seminia
839 2460 1051 2550 inscriptum
1072 2461 1271 2552 collegerat.
1291 2479 1312 2532 a
1331 2478 1402 2552 quo
1421 2479 1494 2532 non

429 2593 543 2676 potest
557 2587 622 2657 hrs
641 2586 813 2678 disjungi.
834 2587 872 2656 iu
891 2586 952 2657 ilio
967 2586 1063 2657 enim
1077 2585 1281 2666 Gratianus,
1300 2613 1315 2650 ‹
1332 2586 1495 2677 quamvis

426 2712 466 2796 ¹in
498 2712 618 2783 animo
648 2712 778 2784 habeat
807 2729 996 2802 pravarum
1027 2712 1217 2782 mulierum
1247 2719 1412 2784 naturam
1440 2731 1495 2782 ar·

428 2854 548 2926 gnere,
571 2835 659 2906 iliud
681 2836 904 2926 praesertim,
924 2841 963 2907 ut
979 2835 1056 2926 ipse
1073 2835 1135 2916 ait,
1153 2836 1222 2907 sihi
1241 2835 1429 2926 proposuit
1444 2835 1493 2908 uti

428 2959 719 3030 adulescentibus
745 2958 943 3032 rhetoricae
967 2959 1158 3032 discendae
1177 2959 1317 3051 cupidis
1337 2959 1495 3051 omnige-

428 3102 554 3155 narum
573 3085 821 3175 rhythmorum
833 3083 995 3174 exempla
1007 3083 1278 3175 suppeditaret»
1298 3080 1362 3178 (h).
1374 3083 1493 3155 Artem

427 3207 570 3298 scripsit
598 3215 638 3279 ut
666 3207 840 3298 exemplis
868 3207 905 3278 in
934 3204 1192 3277 controversiis
1219 3206 1361 3279 traditis
1394 3224 1495 3296 prae-

427 3339 528 3423 cepta
545 3334 775 3424 conjungeret
793 3356 802 3403 :
822 3331 908 3405 inde
927 3332 1020 3404 hanc
1038 3333 1195 3423 legentes
1215 3331 1259 3404 ad
1283 3327 1495 3402 Controver-

426 3456 498 3526 stas
517 3457 689 3528 continuo
707 3464 824 3538 rocat;
839 3457 888 3527 ita
903 3464 943 3528 ut
957 3456 1087 3528 arctior
1104 3457 1151 3528 sit
1169 3456 1262 3528 inter
1281 3456 1363 3528 ilios
1382 3455 1495 3529 iihros

427 3581 603 3672 cognatio,
621 3599 700 3652 cum
722 3581 831 3652 unius
849 3580 1009 3670 ejusdcm
1027 3581 1146 3672 operis
1166 3581 1258 3653 dnae
1277 3586 1396 3671 partos
1416 3597 1496 3653 esse

426 3706 635 3788 videantur,
662 3723 769 3795 qnam
795 3705 889 3793 inter
915 3704 1128 3776 infortunati
1148 3705 1267 3776 Artem
1304 3711 1338 3776 et
1371 3702 1494 3776 collec-

426 3840 530 3905 tanea
550 3833 683 3924 quibus
704 3838 758 3904 est
780 3832 904 3904 titulus
923 3830 1059 3902 Jordio
1078 3830 1122 3900 de
1142 3830 1344 3900 Plor'sonce.

476 3960 514 4029 tu
536 3957 774 4048 grandiloquo
792 3956 949 4047 quodam
968 3956 1149 4047 prooemio
1165 3955 1311 4029 laudata
1326 3955 1406 4047 ipsa
1425 3955 1495 4027 olo·

456 4213 489 4275 (i)
503 4213 617 4263 (tration
630 4213 667 4261 du
683 4213 763 4270 Pont,
779 4213 890 4276 ecuycr,
909 4214 1039 4276 seignour
1052 4210 1086 4261 de
1100 4211 1216 4274 Druscc,
1230 4211 1385 4261 lientenant
1398 4212 1435 4261 lai
1450 4211 1493 4275 ge-

426 4303 501 4352 neral
521 4303 555 4352 dc
571 4303 767 4364 monsoigneur
785 4305 810 4351 le
828 4302 969 4360 suadebat,
986 4316 1020 4351 cn
1035 4303 1061 4351 la
1075 4299 1276 4374 senechaussde
1292 4301 1326 4352 do
1341 4300 1492 4352 Touiouse.

456 4392 489 4458 (2)
504 4392 654 4453 Pellissier,
670 4407 695 4459 p.
712 4392 750 4443 23.
