3584 5286
874 562 1035 622 ..24-

423 710 463 774 ut
482 719 607 773 omnes
627 700 792 791 strophas
812 719 977 773 versuum
996 718 1178 790 mensura,
1197 718 1346 773 numero
1366 700 1486 792 rhyth-

425 827 564 916 misque
584 841 687 916 pares
707 823 822 896 iaciat.
1073 809 1076 816 ’
1485 848 1488 852 ·

472 951 622 1022 Carmen
637 957 755 1021 autem
772 949 870 1040 quud
882 947 933 1018 tat
947 950 1136 1020 numiuant
1152 948 1303 1039 quivult
1319 949 1483 1031 condere,

423 1091 568 1147 neeesse
597 1080 651 1146 est
683 1081 722 1145 m
754 1073 937 1146 breviores
968 1091 1091 1146 versus
1126 1073 1347 1165 longioribus
1378 1075 1486 1146 iuter·

423 1199 570 1270 misceat
604 1206 640 1270 et
675 1199 845 1270 ultimam.
874 1199 1057 1289 stropham
1094 1198 1230 1289 primae
1265 1197 1486 1270 simillimam

423 1324 572 1406 habeam
593 1323 798 1414 interjectae
814 1342 895 1395 vero
911 1324 1078 1414 strophae
1094 1341 1167 1394 uun
1183 1324 1222 1394 in
1237 1342 1349 1396 uuum
1364 1325 1486 1416 rhyth-

424 1467 521 1521 mum
543 1449 640 1522 erire
660 1449 790 1520 solem.
987 1443 993 1453 '

474 1575 598 1648 Plures
625 1581 744 1659 tamen
777 1572 1014 1664 durioresque
1047 1581 1148 1647 eraut
1179 1574 1485 1664 hujuspearmiuis

425 1702 520 1792 leges
540 1719 649 1791 quam
669 1701 871 1772 aestimarit
888 1698 1055 1772 Iambus.
1077 1701 1241 1771 Ceterum
1265 1701 1408 1791 saepius
1427 1718 1485 1772 au-

337 1871 341 1882 1
425 1825 511 1899 cidit
538 1832 578 1898 ut
602 1834 789 1916 praecepta
809 1843 900 1915 quae
927 1825 1004 1916 ipse
1029 1831 1183 1916 exponat
1211 1825 1304 1896 male
1325 1824 1484 1908 uererit;

424 1949 474 2022 ita
494 1956 551 2030 ut,
574 1950 605 2020 si
631 1969 702 2020 uon
723 1948 813 2020 falsa
833 1949 906 2021 siut
926 1950 970 2021 ab
993 1968 1035 2021 eo
1055 1948 1162 2030 dieta,
1185 1949 1352 2020 inchoata
1368 1955 1487 2020 tamen

426 2083 481 2158 et,
504 2083 543 2148 ut
562 2076 612 2148 ita
631 2075 767 2156 dicam,
791 2094 916 2146 manea
935 2075 1097 2147 doctriua
1117 2076 1193 2165 ejus
1213 2093 1293 2146 esse
1313 2074 1484 2146 viduatum

476 2202 704 2291 Praeceptum
734 2219 921 2290 uunquam
950 2199 1123 2291 exemplis
1153 2200 1368 2282 illustravit;
1401 2201 1488 2270 haee

427 2326 572 2416 quidem
593 2344 665 2396 ueu
693 2324 803 2397 semei
827 2326 1098 2415 promittuntur,
1129 2324 1192 2397 sed
1218 2325 1405 2398 intervalia
1424 2324 1486 2397 ubi

392 2449 761 2522 'iutersmibereutur
793 2450 831 2521 iu
862 2449 1043 2521 codicibus
1076 2450 1316 2540 nequicquam
1351 2455 1488 2521 serrata
1548 2505 1550 2510 .

427 2584 524 2650 suut.
