3552 5282
348 1568 575 1624 rusrnucrrr
603 1567 654 1622 ue
682 1568 732 1622 ua
761 1566 936 1624 sucouou
963 1547 1225 1634 aurironrour.

626 1785 747 1834 Auctore
763 1783 947 1833 Infortuneto.

308 2091 411 2164 Liber
430 2092 489 2164 ille
500 2110 542 2163 cx
556 2092 717 2165 versibus
731 2097 1021 2171 constal;versus
1037 2097 1154 2163 auteur
1174 2092 1209 2162 in
1226 2090 1319 2163 hauc

259 2216 405 2287 formam
424 2225 699 2307 componuntur,
712 2224 751 2288 ut
765 2217 967 2306 exemplum
984 2216 1195 2306 praebeatur
1210 2215 1317 2287 simul

258 2360 298 2413 ac
318 2350 555 2433 pracceptum,
571 2349 610 2415 ut
630 2341 670 2413 lit
690 2343 726 2413 in
747 2325 901 2431 epitome
921 2360 1029 2431 supra
1049 2339 1141 2411 dicta
1160 2337 1225 2434 (l).
1244 2341 1320 2413 llue

258 2467 392 2539 aceedit
408 2475 446 2539 ut
461 2468 492 2538 is
510 2485 695 2558 uunquam
714 2485 785 2539 non
805 2466 948 2538 additus
964 2467 1023 2548 sil,
1042 2465 1079 2535 iu
1097 2465 1317 2556 primulum,

260 2592 433 2682 excerptis
454 2592 627 2682 poematis
645 2609 737 2681 quae
755 2592 1000 2663 iuscrihuulur
1013 2585 1148 2680 laralia
1164 2587 1207 2656 de
1220 2587 1318 2681 plai-

258 2737 374 2787 sauce.
394 2717 481 2801 Quis
501 2724 619 2788 autem
639 2716 822 2807 scripserit
838 2716 1010 2816 incertum
1030 2722 1096 2796 est,
1115 2733 1192 2785 euru
1215 2714 1321 2786 lateat

261 2840 410 2930 scriptor
436 2838 504 2910 sub
526 2831 790 2930 nuncupatione
808 2837 1072 2933 quortuuatus.
1096 2840 1135 2910 lu
1165 2838 1318 2929 quadarn

261 2970 380 3034 tamen
393 2964 538 3048 ballala,
558 2964 618 3035 ubi
635 2982 714 3036 oum
727 2965 839 3036 Alana
855 2965 986 3055 Auriga
1004 2963 1321 3047 sermocinatur,se

261 3089 337 3179 ipse
355 3087 550 3160 lordanum
570 3090 744 3175 nominat,
764 3109 804 3161 ex
825 3108 895 3180 qua
916 3091 1052 3180 liquere
1073 3089 1212 3160 videtur
1231 3088 1321 3161 illud

261 3232 380 3284 verum
407 3231 485 3286 esse
505 3233 650 3286 nomeu.
673 3214 760 3286 Cum
780 3222 898 3288 autern
919 3233 1030 3285 uuum
1051 3214 1145 3285 inter
1163 3214 1321 3285 earmina

261 3337 365 3410 istius
388 3337 500 3410 Harii
521 3338 742 3408 Deliciarum
771 3338 986 3410 inscribatur
1009 3315 1019 3408 :¹
1038 3336 1323 3408 Lamentationes

260 3457 1320 3556 Jolauu'sdeualeslanoeinteromuesaanuc,nesciocui,

159 3646 161 3652 ,
262 3589 439 3674 convenit,
455 3589 615 3662 eamden
638 3609 743 3662 uuam
761 3609 839 3662 esse
855 3607 1042 3679 personam
1059 3589 1257 3662 iohannem
1279 3588 1323 3661 (le

263 3711 413 3790 Calesio.
436 3713 630 3785 Iordanum
651 3722 685 3786 et
704 3713 979 3799 lulortuualum,
998 3711 1172 3786 efficiente
1191 3714 1324 3785 scilicet

263 3835 341 3926 ipsa
369 3840 556 3909 nominum
582 3838 819 3911 redundantia
848 3847 885 3911 ul
913 3857 1018 3910 nemo
1047 3837 1184 3928 aliquid
1211 3856 1322 3910 unum

263 3962 393 4052 eligere
413 3981 522 4034 ausus
543 3963 603 4034 sit.
626 3965 671 4035 Ul
691 3982 771 4035 vero
790 3982 861 4035 non
884 3963 971 4035 salis
992 3970 1130 4035 constat
1154 3971 1188 4036 el
1208 3962 1321 4034 lnlor·

155 4067 167 4090 ‘
265 4092 427 4158 lunatum
449 4087 565 4161 varias
585 4089 673 4160 istas
692 4097 811 4179 partes
829 4087 944 4159 Horti
967 4086 1208 4170 Deliciarum,
1233 4105 1325 4178 quae

295 4352 329 4417 (l)
346 4353 435 4410 conl..
451 4369 478 4418 p.
494 4353 538 4416 62,
554 4359 633 4406 L'Arl
653 4360 687 4406 cle
706 4359 903 4420 nectareoque,
917 4371 992 4417 pour
1014 4360 1103 4407 rimer
1120 4371 1155 4407 eu
1180 4360 1326 4418 plusieurs

266 4449 355 4496 tortos
370 4449 403 4495 de
416 4448 497 4498 rime.

1141 4535 1158 4598 5
