3552 5282
705 638 883 699 -lle-

265 777 453 856 iaciebant,
476 795 552 848 non
569 777 706 868 poetico
724 775 843 849 iurorc
861 775 1021 867 impulsi,
1043 784 1160 865 nequa
1180 782 1219 847 ut
1238 793 1321 846 sen-

265 903 394 976 tentias
414 921 523 974 nouas
542 910 576 974 ot
594 903 685 974 alias
704 900 958 994 exprimerent,
981 897 1044 973 sed
1061 907 1101 972 ut
1119 900 1325 974 delicatiora

264 1035 301 1102 et
318 1025 507 1100 blandiora
527 1027 633 1098 uerba
659 1026 871 1099 mulieribus
898 1025 1022 1097 amicis
1051 1016 1248 1108 mitterent,
1271 1027 1324 1098 uel

266 1161 304 1224 ut
323 1152 475 1256 otiosum
497 1161 638 1243 tempus
658 1151 694 1222 in
713 1151 802 1242 jocis
824 1157 1058 1225 contererent.
1077 1151 1130 1220 llli
1153 1168 1234 1222 vero
1252 1156 1325 1222 stu·

264 1277 359 1350 diosi
390 1278 577 1350 uerborum
610 1277 853 1350 affectaturum
887 1277 1094 1366 amorisque
1126 1275 1324 1347 subtilioris

265 1422 337 1475 nun
358 1421 448 1495 opus
470 1404 635 1495 longum,
665 1403 729 1474 scri
748 1403 874 1493 exigua
901 1408 1041 1474 tantum
1060 1401 1217 1474 carmina
1242 1420 1324 1475 con·

266 1528 538 1618 compulerant,
558 1535 597 1600 ut
614 1527 765 1600 baliolas
781 1534 816 1598 ct
831 1525 1026 1607 concellus,
1045 1545 1196 1616 quornm
1213 1526 1328 1602 uirtus

240 1699 242 1702 -
265 1654 383 1725 omnis
393 1671 557 1725 uersuum
570 1652 702 1723 iormac
714 1650 902 1742 ipsi'inest.
916 1650 970 1720 llli
983 1650 1162 1741 principes
1179 1649 1275 1722 inter·
1287 1669 1341 1724 se-

265 1787 301 1852 el
318 1779 510 1872 lumiliares
531 1777 738 1867 amicosque
762 1775 955 1849 certamina
975 1775 1111 1866 poetica
1134 1775 1325 1850 constituo·

264 1904 364 1985 bant,
383 1902 428 1974 ad
448 1921 540 1993 quae
558 1901 807 1974 deferebantur
824 1901 991 1980 bullatae,
1012 1900 1164 1972 rundelli
1182 1901 1235 1972 uel
1255 1901 1326 1974 alia

266 2028 471 2120 hujusmodi
486 2029 658 2111 carm-ina,
675 2046 828 2119 quorum
846 2027 983 2118 primus
1006 2045 1127 2100 versus
1148 2025 1324 2100 acuucllii

261 2153 443 2246 iudicibus
472 2153 749 2244 proponebatur.
782 2153 933 2243 sicque,
963 2158 1001 2224 ut
1026 2151 1193 2243 exemplo.
1224 2159 1321 2234 utar,

264 2296 404 2352 rursum
425 2303 435 2350 ε

316 2539 319 2546 ,
441 2482 484 2549 En
500 2485 527 2539 la
541 2484 631 2540 incest
647 2483 682 2538 de
697 2485 803 2562 longua
818 2489 938 2549 attento,

175 2771 177 2775 Ι
264 2681 418 2776 primurn
439 2682 617 2774 sibiipsis
638 2691 901 2774 proposuerunt
919 2683 1070 2755 rundelli
1087 2683 1233 2757 Carolus
1253 2684 1325 2756 dur

264 2797 549 2891 'aurelianensis
566 2827 655 2880 uxor
669 2808 764 2898 eius;
778 2827 896 2881 comes
910 2809 1158 2892 Nivernensis;
1173 2810 1325 2882 lacubus

265 2936 380 3008 dictus
402 2933 560 3033 «balanti
580 2934 624 3006 de
643 2935 676 3005 la
692 2933 936 3006 Tremouille»
956 2958 965 3015 ;
985 2934 1130 3026 Epidius
1147 2935 1191 3007 de
1207 2935 1322 3016 Ulnis

265 3061 433 3134 dominus
469 3061 513 3133 de
540 3061 669 3132 Sancto
695 3061 897 3140 Germano;
931 3061 1133 3143 riebertus,
1164 3061 1326 3152 sigillifer

265 3187 457 3278 praepositi
489 3187 699 3278 burgensis,
732 3193 767 3258 et
793 3187 868 3258 alli.
898 3186 1090 3258 Duodecim
1120 3186 1209 3258 alios
1239 3206 1322 3257 run-

264 3313 377 3385 rlcllcs
401 3312 525 3386 codem
553 3320 654 3403 pacto
681 3311 843 3397 conditos
865 3311 1059 3394 habemus,
1081 3330 1232 3402 quorum
1253 3313 1324 3404 pri·

265 3457 344 3510 mus
364 3456 485 3511 versus
506 3442 587 3509 cst:

441 3641 518 3697 Pour
532 3644 665 3714 acquerir
680 3643 812 3698 honneur
827 3649 855 3697 ct
870 3643 970 3714 gloire.

313 3846 407 3916 lnter
424 3844 543 3934 plures
563 3843 600 3914 in
621 3843 712 3915 libro
729 3862 842 3934 nuper
859 3844 953 3916 editu
970 3845 1133 3917 collectos
1153 3845 1216 3939 (l),
1237 3850 1322 3919 mul·

267 3976 319 4040 tos
336 3968 517 4040 rundcllos
536 3969 691 4059 reperias
710 3988 751 4040 cx
771 3969 977 4060 hujusmodi
998 3971 1251 4056 certaminibus
1272 3992 1323 4044 or·

265 4103 332 4167 tos
353 4097 403 4166 lix
422 4094 555 4185 quibus
576 4095 740 4167 nonnulli
757 4096 863 4167 ctiam
883 4095 964 4166 aliis
985 4114 1157 4187 responsa
1176 4097 1323 4187 reddere

295 4350 327 4412 (l)
347 4353 501 4399 Rondeaux
521 4353 546 4397 el
568 4354 662 4398 autres
681 4353 791 4410 poesim
809 4354 847 4400 du
867 4349 1320 4415 xr·srecre,p.p.u.1taynauo

264 4439 385 4505 (Sociale
400 4440 449 4490 des
464 4439 584 4489 Anciens
597 4438 717 4503 Toxlus).
