3552 5282
902 617 1063 677 ..94-

449 748 594 821 viliores
616 752 782 823 aestimat
808 770 914 841 quam
943 761 981 824 ut
1007 772 1130 824 earnm
1161 755 1255 845 leges
1283 747 1421 836 tradat;
1451 755 1512 846 qni

452 881 567 944 tamen
587 893 647 945 eas
668 894 814 947 noscere
835 876 930 958 velit,
953 895 1035 948 eum
1057 877 1102 948 ad
1123 879 1275 950 Fabrum
1298 880 1422 970 rejicit.

501 999 707 1070 Palinodam
727 997 875 1091 kyra'ella
894 1001 1064 1090 appellat.

499 1122 601 1205 Quod
636 1131 770 1213 spectat
797 1123 842 1194 ad
876 1125 1069 1216 figurarum
1109 1127 1404 1219 descriptionem,
1443 1150 1514 1224 qna

450 1264 540 1337 opus
560 1266 664 1319 suum
687 1251 866 1330 terminat,
889 1252 1042 1323 Fabrum
1065 1253 1267 1342 peremnia
1287 1255 1462 1344 sequitur.

500 1372 703 1452 Gratianus,
727 1393 806 1445 cum
826 1374 870 1446 de
890 1376 1037 1447 Artibus
1057 1395 1149 1465 quae
1169 1385 1251 1450 anto
1271 1397 1372 1450 suam
1394 1378 1513 1451 Artem

450 1496 653 1568 exstiterint
679 1500 766 1570 satis
791 1500 945 1592 superbe
971 1501 1157 1589 loquatur,
1180 1503 1271 1572 nibil
1292 1509 1411 1574 tamen
1433 1503 1514 1574 novi

451 1620 521 1690 nisi
553 1620 722 1692 ridiculas
746 1623 919 1712 quasdam
951 1644 1061 1715 nugas
1084 1625 1197 1697 adoll.
1227 1626 1329 1711 Quod
1349 1627 1449 1712 ¹enim
1476 1628 1514 1698 in

451 1742 521 1814 alia
542 1762 614 1815 non
636 1746 785 1828 invenit,
807 1747 852 1817 ab
872 1747 943 1818 alia
963 1747 1129 1838 sumpsit.
1150 1749 1313 1821 Ceterum
1334 1768 1397 1822 eae
1416 1751 1515 1841 ipsae

452 1886 567 1958 nugae
602 1871 747 1958 paulum
783 1870 829 1940 ab
859 1871 903 1942 ils
932 1871 1103 1944 dilierunt
1134 1891 1285 1962 quarum
1320 1874 1515 1965 specimina

451 1994 1515 2088 molineaus,infortunatusaurdanerretulerunl,quaeque

451 2117 598 2188 aliunde
614 2126 718 2189 notae
734 2127 848 2190 erant.
862 2121 963 2204 Quod
980 2139 1061 2193 vero
1076 2123 1153 2211 elus
1169 2122 1318 2193 lortasse
1331 2123 1514 2212 proprium

451 2249 517 2323 est,
536 2243 685 2333 ipseque
700 2244 769 2315 sibl
788 2245 957 2326 viridicat
978 2247 1045 2317 isle
1064 2253 1119 2319 est
1138 2246 1374 2336 perridiculus
1394 2247 1514 2338 rbytb·

453 2384 591 2439 morum
613 2369 715 2440 lusus
736 2387 841 2458 quem
863 2367 1057 2461 esebiqlu'er
1077 2370 1240 2441 nominat
1263 2369 1328 2463 (l).

501 2493 591 2577 Quia
611 2501 645 2564 et
660 2495 873 2565 Eustachius
892 2494 935 2566 de
948 2494 1091 2584 Campis
1109 2503 1144 2566 et
1159 2496 1349 2566 Gratianus
1369 2495 1516 2567 rhetori-

452 2635 528 2688 cam
550 2636 658 2688 unam
680 2636 721 2688 ex
744 2627 878 2708 septem
897 2619 1035 2690 artibus
1052 2618 1261 2691 liberalibus
1277 2620 1424 2701 babent,
1438 2637 1517 2690 oon-

452 2741 1515 2835 tenditZscbaligbuncilliuslibrumnovisse;quodqnidcm

450 2875 698 2956 argumentum
716 2866 801 2936 mibi
820 2867 955 2938 nullius
978 2867 1145 2958 ponderis
1165 2868 1315 2940 videtur.
1335 2868 1516 2940 Eustachii

453 2997 570 3062 tamen
586 2991 706 3061 Artem
727 2990 855 3080 etipse
875 2991 1039 3063 existimo
1057 2992 1225 3064 Gratiano
1245 2999 1366 3063 notam
1386 2993 1514 3075 luisse;

452 3131 662 3204 persuasum
685 3115 779 3187 enim
802 3116 916 3187 babeo
938 3116 984 3187 ab
1007 3117 1068 3189 illa
1094 3124 1294 3187 mutuatum
1318 3135 1399 3188 esse
1422 3115 1519 3206 quod

453 3239 511 3311 bic
530 3240 574 3311 de
595 3239 896 3312 similitudinibus
920 3243 1013 3313 inter
1039 3241 1249 3314 rhetoricam
1270 3249 1305 3313 et
1325 3240 1516 3323 musicam,

453 3379 518 3434 neo
535 3383 606 3434 non
626 3365 670 3436 de
688 3365 814 3437 litteris
837 3366 1017 3438 vocalibus
1035 3373 1097 3436 aut
1115 3366 1398 3438 consonantibus
1418 3365 1516 3438 dicit.

503 3489 714 3560 lnlorlunati
742 3498 859 3562 autem
885 3491 1045 3562 libellum
1065 3492 1221 3582 appellat
1239 3489 1454 3582 Rhetorr'quc
1471 3490 1520 3559 du

452 3609 592 3684 Jordin
617 3613 660 3682 de
679 3611 868 3684 Ptulsoucc
891 3611 963 3706 (2);
987 3615 1106 3686 Artem
1134 3615 1385 3704 provincialem
1412 3633 1521 3705 supra

488 3932 520 3994 (l)
535 3929 699 3994 Eschiquior
714 3949 726 3979 n
743 3938 854 3982 estune
869 3941 943 3982 sorte
960 3934 993 3982 de
1009 3934 1108 3982 ritbme
1124 3933 1158 3982 de
1171 3935 1288 3996 laquelle
1304 3934 1348 3982 n’a
1363 3934 1421 3983 oste
1438 3935 1520 3984 laicte

455 4021 1521 4084 mmmmmmwmfflmmmmmmmw

454 4111 514 4158 l¹art
535 4110 569 4159 do
588 4112 612 4158 la
637 4111 710 4160 dieto
733 4112 909 4174 rhetorieque
931 4111 1085 4162 mettriffiee
1107 4125 1142 4159 en
1163 4113 1303 4176 lranpoys.
1325 4112 1384 4162 »In
1403 4113 1519 4175 singulis

456 4181 1568 4265 mmmmmwmmWMQffimmffiffimmmmmwi.

456 4291 571 4352 buntur,
590 4290 637 4353 qui
654 4291 749 4340 eadem
765 4293 873 4341 ratione
888 4306 919 4340 ac
935 4292 1033 4340 calculi
1049 4292 1153 4340 moveri
1169 4293 1285 4354 possint.

485 4378 673 4442 fflRfflffi
