3552 5282
853 606 1034 666 ..104-

412 752 536 836 posset
558 745 647 834 quin
670 751 812 834 poetae,
831 745 970 835 priores
990 741 1116 812 mortus
1135 741 1242 812 etiam
1262 741 1345 832 pius
1361 758 1478 830 aequo

412 868 613 959 dedignati,
647 875 741 940 tutus
772 885 852 938 sese
883 867 930 937 ad
957 868 1169 937 Graecorum
1198 865 1479 955 latinorumque

412 993 649 1064 imitationem
671 997 930 1062 converterent.

462 1117 645 1188 Fuutauae
659 1114 805 1186 iibettus
815 1133 880 1205 pru
895 1114 1023 1185 uitimu
1038 1115 1133 1185 iuter
1147 1131 1209 1186 eus
1221 1113 1345 1186 haberi
1361 1119 1479 1204 purast

413 1241 476 1329 qui
491 1239 538 1309 ad
548 1239 738 1330 pristinam
753 1238 889 1308 Galliae
899 1237 1036 1328 poesim
1051 1237 1260 1328 respiciunt.
1276 1235 1477 1308 munibus

412 1364 510 1433 euim
532 1362 682 1452 poeticis
705 1379 798 1451 quae
816 1369 941 1452 postea
961 1379 1035 1432 uuu
1063 1379 1164 1432 rarae
1191 1361 1356 1441 fuerunt,
1378 1360 1479 1432 uuita

413 1487 486 1558 iere
505 1486 748 1558 obsoleturum
769 1504 939 1576 generum
955 1485 997 1556 fit
1016 1487 1164 1557 meutiu.

462 1612 599 1682 Dicitur
623 1617 743 1682 tameu
771 1610 917 1682 tihellus
941 1609 1081 1680 Ciaudii
1110 1608 1156 1680 de
1182 1611 1352 1693 Buteria,
1380 1628 1477 1682 auuu

417 1737 510 1806 titt
528 1735 623 1825 typis
644 1753 851 1825 expressus,
871 1734 927 1804 cui
943 1735 1070 1806 titulus
1087 1741 1142 1805 est
1155 1732 1228 1801 Art
1241 1733 1403 1827 poetique
1420 1735 1479 1804 re-

412 1859 492 1927 duit
519 1865 553 1928 et
584 1857 732 1950 ubrepe,
767 1859 926 1949 priorum
956 1859 1169 1949 scripturum
1199 1857 1412 1950 discipliuae
1444 1867 1481 1932 et

413 1982 588 2073 exemptis
613 1982 896 2063 accommodam
918 2001 997 2054 cum
1018 2001 1100 2054 veru
1120 1983 1217 2054 hune
1236 1982 1368 2054 tibrum
1390 2001 1478 2058 uus·

415 2124 522 2197 quam
544 2107 700 2197 reperire
717 2106 914 2196 potuerim,
933 2113 1053 2177 utrum
1076 2125 1133 2178 res
1152 2124 1233 2178 vera
1252 2107 1300 2178 sit
1315 2126 1362 2178 au
1384 2125 1476 2189 neu,

415 2231 550 2305 ueseiu.

463 2358 502 2426 tu
523 2356 607 2427 Arte
628 2356 765 2446 poetica
781 2354 903 2426 lauubi
922 2355 1087 2427 Pettetier
1106 2352 1172 2448 (t),
1189 2373 1286 2427 auno
1306 2364 1479 2446 sequente

415 2479 531 2560 edita,
552 2479 652 2550 uuita
676 2480 814 2569 priseae
840 2480 960 2569 poesis
984 2479 1130 2569 vestigia
1144 2479 1476 2569 deprehenduntur.

415 2604 627 2693 Quanquam
655 2604 820 2674 Pettetier
845 2602 984 2674 Marutti
1019 2603 1220 2694 disciputus
1248 2623 1362 2694 nuper
1393 2605 1477 2685 tuit.

422 2753 438 2789 ‹
459 2727 618 2818 priorum
639 2733 757 2798 vatum
778 2744 908 2818 genera
924 2726 1087 2798 tundirus
1106 2727 1218 2810 reicit,
1237 2728 1480 2802 vehementer·

415 2867 487 2940 que
505 2851 584 2941 ipsa
608 2851 771 2940 queritur
795 2850 892 2940 quud
917 2850 1056 2921 uultum
1084 2851 1195 2921 atium
1224 2871 1388 2944 eampum
1417 2872 1480 2944 per

416 2981 469 3045 tut
487 2974 630 3045 saecula
648 2974 768 3064 poesis
787 2980 911 3045 nostra
929 2973 999 3044 sihi
1020 2974 1224 3064 patefecerit
1247 2973 1312 3069 (Ξ).
1336 3004 1351 3041 ι

466 3099 645 3170 tutuuius
681 3100 903 3189 umquem,
937 3099 974 3169 iu
1007 3116 1073 3170 sua
1107 3100 1190 3171 Arte
1224 3101 1350 3174 eodem
1383 3121 1480 3174 anuo

417 3223 551 3294 emissa
572 3219 644 3315 (5),
667 3222 713 3294 ad
739 3222 943 3304 idtautum
970 3249 985 3286 ‹
1012 3224 1045 3295 te
1064 3223 1121 3315 tay
1145 3231 1181 3295 et
1206 3225 1240 3296 te
1264 3225 1395 3317 vireiey
1416 3226 1480 3299 des

417 3346 565 3418 aueieus
581 3349 705 3438 poetes
724 3347 879 3436 treupuis
899 3375 915 3412 ›
941 3347 1039 3429 citat,
1064 3355 1102 3420 ut
1121 3367 1162 3420 ea
1178 3367 1258 3421 uum
1273 3349 1482 3441 epistrupha

417 3479 612 3562 comparet.
668 3489 677 3502 ’

467 3597 626 3667 Fuerunt
645 3614 732 3668 saue
750 3596 813 3686 qui
830 3615 940 3668 ueras
957 3615 1015 3670 res
1032 3597 1125 3670 maie
1142 3597 1303 3679 tulerint,
1323 3599 1385 3688 qui
1402 3617 1480 3690 per·

448 3910 483 3974 (t)
498 3913 579 3960 L'Art
591 3914 723 3972 poetique
738 3915 772 3962 de
788 3917 893 3974 Jaqrree
912 3916 1029 3963 Petetier
1048 3916 1088 3962 du
1108 3917 1203 3975 Meua,
1224 3916 1334 3974 deperit
1354 3928 1390 3962 en
1411 3917 1481 3963 daus

419 4001 514 4049 liures.
530 4001 554 4049 Α
569 3999 650 4062 Lyon
664 4015 714 4064 par
727 4000 780 4051 Jau
795 4001 829 4051 de
847 4002 972 4051 Tournes
987 4015 1002 4051 e
1017 4001 1091 4054 Guil.
1107 4001 1227 4052 Gazeau.
1245 4001 1304 4052 ¹555
1319 4002 1390 4066 (Bib.
1406 4002 1480 4062 Nat..

419 4087 483 4138 Res.
500 4089 693 4152 Y43284A).

450 4176 484 4239 (2)
499 4177 647 4240 Pellissier‚
663 4193 690 4242 p.
709 4179 747 4230 50.

449 4264 484 4328 (3)
503 4269 541 4314 La
559 4269 726 4328 Rhetorique
744 4271 885 4332 {renquiae
904 4273 1056 4319 d'Antoine
1074 4272 1234 4330 Fouquetin
1253 4273 1288 4319 de
1307 4273 1423 4332 chauny
1443 4283 1479 4319 en

421 4357 618 4407 vermandois.
632 4355 720 4417 Paris,
738 4357 806 4407 1557.
1271 4367 1273 4370 ·
