3584 5286
921 578 1080 638 „54-

517 722 553 790 2⁰
581 718 806 798 Molinettus‚
833 735 911 788 oum
940 716 984 788 de
1011 716 1179 808 rhythmo
1209 714 1302 787 dicto
1330 739 1348 780 o
1376 710 1523 785 tutele»

468 843 644 935 loquitur,
672 849 857 915 enumerat
881 841 1013 932 quihus
1040 842 1078 911 in
1106 840 1275 931 operibus
1298 840 1366 912 hoo
1390 837 1529 912 versifi-

467 968 570 1041 oandi
598 986 725 1059 genere
750 985 836 1039 usus
856 966 962 1048 iuerit
984 990 992 1037 :
1021 968 1108 1039 «De
1130 972 1219 1038 nette
1244 965 1407 1036 nouvelle
1427 962 1531 1036 mode

467 1102 550 1166 sont
569 1093 706 1166 colores
726 1093 761 1164 la
780 1091 1004 1183 complainto
1022 1091 1066 1165 de
1087 1093 1208 1172 (irene,
1226 1091 1387 1162 leirene
1403 1088 1530 1159 d’iron-

468 1238 578 1300 neor,
600 1219 634 1292 ie
652 1219 797 1308 Temple
816 1217 860 1290 de
877 1219 995 1298 Mars,
1017 1217 1051 1289 ie
1072 1215 1247 1307 Naufrage
1266 1214 1310 1288 de
1333 1215 1368 1285 ia
1394 1213 1531 1304 ponetlo

468 1351 502 1416 et
522 1344 556 1416 la
575 1345 770 1416 Bessouroe
790 1342 839 1413 du
858 1342 946 1433 petit
963 1342 1139 1434 peupte.»
1165 1344 1203 1413 ln
1226 1340 1444 1414 editionibus
1464 1339 1532 1412 hoe
1571 1323 1578 1350 “

468 1487 613 1561 quoque
631 1467 794 1540 additum
816 1475 870 1539 est
892 1492 900 1538 :
928 1493 943 1530 ι
961 1469 1004 1539 Et
1018 1486 1063 1538 eu
1083 1487 1104 1537 a
1123 1467 1198 1539 este
1218 1467 1405 1539 inventeur
1425 1464 1530 1536 mais·

469 1600 521 1667 tre
539 1594 652 1666 teitau
673 1593 820 1665 Molinet
839 1591 883 1664 de
904 1592 1175 1664 Vaienoieunes.
1200 1617 1217 1658 »

518 1721 553 1789 5⁰
584 1717 791 1790 Editionum
826 1716 934 1789 finem
968 1717 1050 1789 iaoit
1078 1717 1262 1794 rondellus
1291 1718 1353 1808 qui
1381 1715 1530 1792 artifieio

469 1843 566 1935 quod
586 1861 709 1936 graeeo
731 1844 876 1916 nomine
902 1850 1044 1915 rotatur
1067 1845 1243 1937 ἀκροστιχίς
1262 1861 1394 1915 nomen
1415 1842 1530 1915 Caroli

469 1967 599 2041 Valesii
625 1968 754 2057 (Caroli
773 1964 863 2062 Vlll)
887 1968 1012 2050 refert,
1042 1970 1177 2060 quique
1200 1968 1238 2039 in
1267 1968 1398 2042 libeliis
1422 1987 1530 2041 manu

469 2093 611 2184 scriptis
631 2093 742 2165 deest.

519 2216 573 2308 Ad
597 2218 664 2290 heo
689 2218 802 2290 addas
829 2219 909 2291 iicet
935 2217 1109 2309 plurimas
1130 2219 1279 2290 mendas
1301 2219 1434 2310 quibus
1457 2219 1530 2294 edi·

470 2343 608 2415 tionum
631 2351 750 2416 tentus
771 2362 877 2435 saepe
899 2343 1140 2437 adulteratur3
1159 2363 1383 2435 quarumque
1403 2347 1530 2418 moles·

469 2468 609 2540 tissima
638 2487 680 2540 ex
711 2487 752 2540 eo
779 2476 856 2541 orta
881 2478 935 2542 est
967 2469 1064 2560 quod
1090 2472 1331 2562 typographus
1356 2471 1435 2544 sine
1461 2472 1528 2544 du-

469 2593 528 2665 bie
554 2594 730 2666 nonnulla
756 2594 840 2666 ioiia
866 2597 1123 2677 interverterit;
1152 2615 1222 2687 quo
1243 2596 1283 2669 fit
1307 2605 1345 2668 ut
1365 2599 1528 2690 scriptor,

469 2736 549 2789 ouur
565 2725 773 2791 ootouorurn
792 2739 958 2793 rersuuur
971 2718 1134 2814 (initote)
1145 2723 1327 2813 exemplar
1342 2723 1528 2807 nuntiarit,

469 2841 671 2915 rondeilurn
701 2843 844 2926 adoran
873 2853 935 2918 aut
962 2847 1145 2919 rendeilus
1171 2848 1208 2918 iu
1228 2849 1381 2937 quadani
1403 2850 1531 2941 pagina

470 2965 613 3040 initium
639 2968 791 3059 ceperit,
820 2970 881 3060 qui
902 2978 983 3061 post
1002 2979 1171 3062 quattuor
1197 2979 1334 3045 tautum
1355 2973 1438 3045 ioiia
1458 2982 1528 3056 ter:

469 3092 639 3165 minetur.

373 3318 375 3325 Ι
519 3216 583 3288 Hio
607 3224 661 3289 est
686 3219 854 3311 prologus
879 3222 997 3312 qualis
1025 3223 1063 3293 in
1087 3223 1269 3297 oodioibus
1292 3233 1326 3297 et
1345 3227 1382 3297 in
1408 3228 1531 3300 Verar·
1625 3201 1627 3207 ¹

469 3340 555 3414 dina
572 3341 729 3416 editione
749 3345 936 3436 reperitur.

468 3586 694 3669 (deroderet.
713 3603 792 3666 uun,
808 3597 852 3669 fr.
871 3593 974 3673 2159.)
1053 3598 1098 3656 Ee
1119 3599 1287 3674 exemplari
1315 3600 1487 3661 verardioo.

517 3809 610 3896 Pour
636 3844 673 3897 oe
700 3845 770 3916 que
794 3829 972 3901 nouvelle·
1074 3832 1167 3902 Pour
1193 3851 1231 3905 oe
1259 3852 1329 3923 que
1355 3836 1531 3907 nouvelle·

468 3957 578 4032 ment,
592 3968 729 4022 oomrne
738 3951 894 4041 j'entens
913 3973 974 4044 par
1024 3963 1143 4040 rneut,
1167 3975 1303 4028 oomrue
1325 3959 1361 4048 je
1381 3968 1528 4044 antone,

467 4090 528 4143 roz
557 4073 756 4163 graoieuses
784 4077 969 4160 missives‚
1025 4080 1108 4165 sire,
1125 4099 1188 4170 par
1206 4089 1321 4154 vostre
1337 4084 1407 4156 tres
1423 4085 1530 4159 nobie

467 4204 559 4269 estes
592 4198 657 4270 tire
683 4199 793 4270 suune
828 4203 971 4274 i'estan·
1023 4205 1129 4295 engin
1150 4213 1185 4278 et
1204 4207 1458 4281 entendernent
1477 4229 1530 4283 es-

466 4318 545 4392 dart
571 4321 615 4395 de
649 4323 785 4417 Cupido
821 4332 851 4400 io
885 4326 968 4399 dieu
1020 4337 1072 4401 tes
1099 4331 1163 4403 tire
1188 4333 1297 4406 soubs
1321 4335 1529 4413 t’estanuart
