3552 5282
871 573 1031 636 -60..

422 712 519 796 ninS,
540 719 575 784 et
593 711 702 783 laissa
726 712 776 785 les
803 712 961 804 bergiers
989 709 1052 785 des
1074 712 1221 805 champs
1242 731 1325 785 user
1343 713 1388 786 de
1407 714 1485 787 leur

421 838 609 928 tbeorique
623 844 658 910 et
676 837 882 928 rhetorique
900 838 1030 910 rurale.
1057 861 1074 902 n

471 963 632 1053 benique
652 963 777 1034 iterata
796 963 833 1033 in
854 962 927 1035 line
944 982 1110 1035 versuum
1130 963 1485 1037 rerba.rebenreuter

422 1088 609 1179 vituperat,
636 1107 800 1178 opusque
828 1088 1008 1162 concludit
1032 1088 1206 1179 exemplis
1236 1088 1483 1181 rhythmorum

422 1213 647 1285 leoninorum
668 1221 729 1285 aut
749 1215 1040 1303 aequivocorum.

471 1340 508 1410 Si
527 1339 702 1413 llollnetti
723 1346 910 1430 praecepta
930 1358 1009 1410 euru
1032 1338 1165 1412 libellis
1195 1338 1389 1412 oonlerrem
1410 1339 1484 1429 iam

422 1471 526 1536 antea
562 1484 583 1535 a
611 1483 667 1535 me
697 1465 905 1555 exploratis,
938 1465 1045 1556 paulo
1080 1464 1222 1555 longius
1251 1483 1342 1557 opus
1365 1483 1482 1537 nreuur

422 1591 622 1671 traberem;
644 1591 861 1681 pauoissima
882 1591 990 1682 igitur
1009 1589 1115 1662 modo
1134 1589 1178 1662 de
1197 1590 1255 1662 bis
1276 1591 1415 1682 loquar.

470 1717 644 1788 blollnetll
664 1717 843 1788 sementia
863 1716 979 1807 longis
1003 1715 1300 1806 brevioribusque
1323 1715 1484 1789 versibus

422 1841 516 1913 inter
535 1859 574 1912 se
592 1840 713 1912 mixtis
733 1841 964 1913 constituitur
980 1858 1121 1912 oarrnen
1142 1839 1239 1931 quod
1255 1847 1397 1913 rotetur
1415 1839 1483 1924 lai,-

422 1986 443 2037 a
462 1965 625 2037 rondello
647 1983 728 2037 rere
745 1984 885 2037 carmen
909 1964 1047 2052 dietum
1061 1964 1191 2035 virelai
1206 1973 1344 2039 tantum
1362 1966 1484 2058 rhytb·

423 2109 561 2163 morurn
587 2090 824 2182 dispositione
850 2091 998 2163 differt:
1032 2090 1180 2164 ‹Autre
1207 2091 1304 2163 taille
1323 2090 1368 2163 de
1400 2109 1482 2162 ron·
1573 2083 1590 2116 '

423 2216 551 2288 deaulx
583 2216 754 2298 doubles,
785 2218 846 2308 qui
879 2235 918 2289 se
947 2222 1133 2288 nomrnent
1159 2215 1307 2307 simples
1342 2216 1481 2298 rirlais,

424 2361 514 2432 pour
538 2359 576 2414 oe
596 2361 666 2433 que
686 2360 773 2433 gens
794 2342 860 2414 lais
880 2343 933 2414 les
952 2349 1100 2414 mellent
1118 2359 1163 2414 en
1189 2343 1285 2414 leurs
1305 2342 1485 2431 obanpous

424 2468 574 2550 rurales,
597 2485 734 2540 nomme
753 2474 876 2559 gentes
894 2467 939 2541 de
958 2486 1074 2559 oorps.
1098 2494 1113 2531 3

473 2593 697 2674 Molinettus,
728 2591 824 2664 haud
853 2592 956 2682 aliter
980 2599 1087 2682 atoue
1122 2592 1304 2666 Baldettus
1334 2593 1482 2675 Herone,

424 2724 526 2808 putat
540 2736 612 2788 non
633 2737 803 2790 exsensu
824 2736 965 2790 carmen
987 2717 1167 2808 quoddam
1191 2717 1310 2810 salros
1325 2719 1484 2809 appella-

425 2851 499 2914 tunr
516 2861 608 2924 esse,
625 2861 745 2915 rerum
762 2861 805 2915 en
821 2843 933 2935 figura
949 2843 1027 2935 ipsa
1043 2844 1217 2942 poematis
1231 2869 1239 2915 :
1253 2845 1320 2916 boe
1331 2852 1482 2926 tantum,

425 2967 621 3060 praeceptis
641 2968 834 3059 expositis,
855 2968 956 3041 addit
976 2994 983 3037 :
1013 2995 1028 3033 ‹
1048 2969 1145 3041 cette
1163 2969 1261 3060 piene
1280 2970 1485 3043 eonvieuta

426 3094 571 3166 matiere
595 3095 761 3186 joyeuse,
791 3114 812 3164 a
842 3112 947 3166 cause
975 3094 1019 3166 de
1048 3095 1081 3165 la
1105 3095 1295 3185 repetition
1323 3094 1367 3170 de
1395 3102 1485 3168 rnet·

425 3225 543 3291 tres.»
562 3219 720 3304 Quodvis
737 3226 854 3291 auteur
872 3239 999 3310 poeula
1014 3219 1059 3291 ad
1077 3219 1175 3290 illarn
1190 3219 1339 3292 lorrnam
1357 3219 1485 3292 adduci

425 3352 554 3436 potest,
573 3344 767 3417 dummodo
782 3346 937 3437 primunr
954 3364 994 3418 ae
1010 3345 1207 3417 seeundum
1223 3364 1364 3418 versunr
1382 3345 1486 3417 certis

424 3473 511 3544 loois
531 3478 681 3563 repetas.
705 3472 795 3557 Quia
815 3491 896 3544 vero
912 3471 1012 3544 addit
1028 3489 1208 3562 querneae
1227 3490 1367 3543 versurn
1388 3471 1486 3543 illius

424 3597 593 3669 carminis
618 3616 658 3670 ex
683 3603 819 3688 septeru
844 3605 906 3670 aut
933 3604 1011 3669 outo
1040 3597 1187 3688 syllabis
1208 3604 1383 3676 constare,
1406 3615 1484 3668 ourn

425 3727 561 3796 llereno
584 3723 781 3814 discrepat,
811 3723 873 3814 qui
900 3723 1065 3814 erernpla
1090 3741 1132 3794 ex
1161 3730 1239 3795 outo
1271 3728 1333 3793 aut
1358 3740 1484 3795 norem

424 3849 572 3941 syllabis
587 3848 744 3921 conlecta
763 3848 879 3920 allert.

471 3974 601 4047 Neuter
620 3981 738 4046 autern
764 3972 945 4064 dicitque
973 3991 1137 4045 versuurn
1164 3989 1313 4044 nurnero
1338 3970 1485 4043 conflari

424 4099 551 4189 debeat
578 4118 719 4172 earrnen
749 4098 882 4172 dieturn
916 4099 1068 4192 «ferros
1086 4124 1122 4180 ›,
1145 4116 1188 4170 er
1215 4117 1286 4188 quo
1310 4095 1483 4187 suspicari

424 4227 505 4298 lieet
523 4226 619 4297 bune
638 4243 826 4297 numerum
846 4224 994 4296 minirne
1014 4231 1184 4296 slatrrtunr
1206 4209 1329 4295 luisse.

473 4351 645 4423 Molinetti
676 4351 766 4423 liber
793 4351 905 4424 rnulto
936 4349 1074 4441 longior
1096 4357 1150 4421 est
1172 4348 1305 4422 libellis
1327 4348 1484 4421 adbuea
