3584 5286
773 643 933 707 ..31-

322 798 496 855 numerus
515 780 577 854 iile
603 781 650 853 sit
675 780 820 862 firmus,
851 783 1002 872 scriptor
1028 783 1116 854 haec
1145 781 1379 873 ‹magistri›

324 907 429 978 veroa
446 906 551 978 refert
573 931 581 976 :

483 1183 486 1189 '
536 1165 591 1234 Qut
606 1184 641 1222 au
659 1167 745 1222 chent
760 1168 837 1240 royal
852 1167 1021 1236 s’amcsuco,

539 1265 624 1320 Point
638 1282 672 1320 ne
687 1265 705 1318 ii
720 1265 790 1320 fault
804 1265 923 1320 d'aultre
939 1281 1064 1320 mesore.

374 1521 475 1607 Quod
506 1520 707 1602 distichon,
743 1540 822 1594 cum
856 1523 1019 1594 neutrius
1055 1523 1192 1594 Artium
1225 1522 1386 1595 versibus

325 1645 533 1734 scriptarum
555 1646 602 1717 sit
621 1665 712 1736 quae
732 1646 776 1717 ad
797 1665 863 1718 uos
883 1654 1121 1737 pervenerunt
1139 1654 1173 1719 et
1188 1646 1232 1719 de
1253 1649 1385 1738 quihus

323 1775 447 1858 postea
462 1770 621 1841 dicturus
638 1789 732 1850 sum,
749 1772 854 1841 aliam
872 1771 1064 1851 exstitisse,
1083 1790 1180 1843 nunc
1198 1772 1383 1854 amissam,

324 1913 396 1985 qua
407 1903 530 1967 auctor
547 1904 669 1968 noster
690 1915 777 1967 usus
792 1905 859 1978 est,
876 1897 1043 1968 declarat.
1063 1897 1186 1967 Utrum
1205 1915 1285 1968 vero
1301 1898 1388 1970 heec

325 2021 486 2091 omnium
510 2021 757 2112 rhythmorum
787 2023 852 2091 hrs
880 2023 1046 2093 universa
1076 2021 1182 2093 inerit
1206 2041 1250 2093 an
1279 2041 1387 2114 pecu-

325 2145 411 2217 liare
427 2153 562 2218 tantum
583 2147 748 2218 ludorum
766 2149 1019 2237 Dieppensium
1039 2153 1278 2237 praeceptum,
1293 2147 1399 2237 judi-⁴

325 2270 428 2342 candi
447 2273 548 2361 copia
565 2272 651 2342 mihi
674 2272 785 2344 deest.
805 2275 1004 2363 Utcumque
1023 2282 1089 2352 est,
1114 2275 1186 2350 hoc,
1199 2293 1270 2345 non
1291 2273 1387 2364 parvi

324 2396 428 2486 pretii
453 2405 722 2469 monumentum
753 2399 788 2469 in
822 2400 1048 2470 hihiiothecis
1079 2400 1230 2489 puhlicis
1258 2399 1387 2471 trustra

325 2522 533 2612 perquisivi.

374 2647 504 2720 Eadem
527 2648 639 2719 forma
667 2657 720 2720 est
746 2649 1174 2730 servantasihcantionis
1195 2647 1388 2722 senatoriae

325 2779 359 2845 et
386 2774 563 2844 cantionis
587 2775 716 2845 stultae
741 2783 848 2864 atque
873 2781 998 2845 cantus
1022 2774 1168 2864 regalis;
1199 2774 1386 2864 nesterotis

325 2899 431 2969 etiam
458 2899 504 2970 ah
542 2899 614 2971 iliis
648 2900 838 2990 generibus
875 2901 942 2971 hoc
969 2908 1106 2971 tantum
1143 2899 1260 2971 differt
1291 2898 1387 2989 quod

326 3024 480 3113 quisque
494 3043 616 3096 versus
631 3044 702 3095 non
715 3043 755 3096 ex
772 3025 892 3096 decem
907 3026 1058 3096 seducto
1070 3026 1218 3116 syhahis
1234 3033 1384 3096 constat.

326 3147 1113 3240 Gentioquaedamamatoria,quaeaquodam
1123 3152 1161 3221 B.
1176 3150 1385 3240 composita,

325 3271 1396 3374 hunatisvihaepraeniooonaeestproexomptohauemr„

375 3398 603 3489 Praeceptum
620 3399 752 3472 deinde
770 3398 907 3482 datum,
928 3419 999 3490 quo
1018 3400 1255 3491 penultimum
1273 3400 1389 3490 cujus·
1428 3447 1430 3450 -

326 3540 395 3612 que
415 3525 582 3615 strophae
601 3526 637 3596 in
655 3524 877 3597 seruantasio
897 3543 1038 3597 versum
1056 3525 1293 3597 masculinum
1310 3543 1389 3598 esse

325 3654 487 3739 oportere
520 3648 606 3721 dicit
639 3649 803 3740 scriptor,
836 3651 1001 3721 ultimum
1038 3667 1119 3721 vero
1152 3650 1386 3734 femininum,

326 3790 405 3844 cum
425 3773 470 3844 eh
490 3792 531 3845 eo
551 3774 728 3866 discrepet
744 3775 942 3866 specimine
959 3774 1055 3865 quod
1070 3775 1189 3846 attulit
1207 3774 1389 3849 Baldettus

325 3899 462 3970 Herenc
487 3905 522 3970 et
538 3899 600 3969 aiii
622 3900 742 3981 multi,
765 3900 895 3972 iaisum
917 3900 997 3973 ideo
1020 3900 1107 3970 mihi
1129 3901 1386 3984 essentiatum

324 4022 517 4094 uerisimile
535 4032 589 4096 est
605 4024 712 4115 igitur
727 4032 907 4097 auctorem
926 4033 1088 4096 nostrum
1106 4024 1300 4096 nonnullos
1321 4044 1389 4099 sor·

324 4150 504 4221 ventasios
531 4149 662 4223 vidisse
688 4152 725 4222 in
752 4151 884 4242 quihus
909 4151 1132 4240 penultimus
1160 4151 1387 4242 stropharum

327 4291 448 4346 versus
466 4275 685 4348 masculinus
703 4285 790 4358 erat,
803 4277 952 4348 ultimus
973 4293 1052 4347 vero
1072 4275 1281 4356 femininus,
1296 4282 1330 4347 et
1346 4292 1387 4346 ex

326 4416 367 4469 eo
387 4417 597 4491 persuasum
619 4402 790 4475 hahuisse
809 4403 902 4474 hanc
923 4419 1041 4473 veram
1061 4418 1143 4473 esse
1166 4418 1342 4473 normam.
