3584 5286
444 1583 448 1586 ·
557 1573 777 1630 nummum
805 1573 856 1630 rm
884 1575 934 1629 rm
962 1573 1138 1632 sucorum
1165 1552 1416 1641 rumorum

792 1846 913 1896 Auctore
928 1845 1055 1896 Baldetto
1070 1845 1187 1896 Hercnc.

508 2149 658 2222 Baldetti
676 2151 813 2222 Herenc
830 2150 995 2239 libellus,
1017 2151 1178 2224 nondum
1198 2151 1292 2244 typis
1312 2150 1514 2231 mandatus,

459 2275 638 2348 invenitur
658 2276 695 2346 in
718 2275 836 2348 codice
859 2276 1027 2349 Vaticano
1048 2275 1140 2369 ch.
1169 2279 1274 2347 1468.
1297 2277 1399 2348 Hunc
1418 2274 1518 2347 codi-

408 2457 410 2462 .
457 2419 546 2482 cem,
564 2401 696 2473 saeculi
718 2401 834 2492 quinti
853 2400 995 2485 decimi,
1012 2403 1085 2494 jam
1102 2402 1148 2473 ab
1162 2401 1417 2474 eruditissimis
1434 2399 1517 2494 viris

459 2527 580 2598 Reman
603 2534 636 2599 ct
657 2527 863 2599 Darembert
883 2527 1065 2600 laudatum
1088 2524 1135 2622 (i)
1153 2581 1161 2612 ,
1182 2545 1246 2618 ego
1270 2543 1414 2618 quoquc
1437 2525 1516 2598 des·

458 2649 564 2741 cripsi
581 2652 617 2722 in
636 2652 727 2723 libro
744 2651 837 2724 dicto
849 2651 991 2722 Notices
1005 2658 1038 2722 et
1054 2649 1226 2723 Emtrcits
1235 2651 1294 2720 des
1305 2649 1517 2720 manuscrits

454 2773 619 2867 franpais
629 2751 660 2846 ei
672 2798 905 2868 provenpaum
914 2777 957 2847 de
965 2775 1090 2858 Rome,
1107 2797 1142 2868 p.
1160 2779 1227 2848 155
1242 2773 1306 2872 (ᾖ)
1321 2777 1425 2848 Liber
1439 2775 1517 2866 ipse
1544 2845 1547 2850 .

456 2902 673 2992 compositus
702 2910 758 2973 est
785 2921 880 2974 anno
914 2905 1018 2973 1452.
1048 2902 1243 2974 Baidettus
1264 2903 1419 2981 Heremo,
1453 2899 1515 2990 qui

455 3044 536 3098 eum
557 3026 712 3117 scripsit,
735 3045 914 3118 quemque
934 3030 1054 3099 Reman
1076 3035 1109 3100 et
1129 3026 1337 3099 Darembert
1356 3026 1515 3117 appelia-

455 3158 539 3223 rrmt
559 3153 706 3248 Raouiet
724 3154 861 3235 Terent,
882 3154 920 3223 in
940 3155 1077 3226 ratione
1097 3150 1249 3244 quadam
1271 3152 1399 3242 scripta
1420 3168 1515 3222 armo

458 3278 550 3346 1450
570 3277 797 3359 nominatum
821 3278 954 3369 quippe
974 3279 1034 3368 qui
1055 3279 1122 3350 hoc
1141 3278 1220 3369 ipso
1240 3295 1336 3349 anno
1355 3276 1516 3367 aliquan·

455 3407 530 3472 tum
554 3402 725 3491 pecuniae
744 3422 765 3473 a
786 3404 875 3474 duce
895 3402 1165 3484 Aurelianensi,
1187 3403 1379 3475 Matiscone
1401 3388 1438 3472 in
1460 3399 1516 3472 iti-

455 3544 541 3598 nere
562 3535 711 3612 moratu,
734 3535 877 3618 propter
895 3528 1047 3599 baiiatas
1068 3528 1230 3600 recitatas
1250 3529 1435 3618 acceperit.

505 3652 556 3722 Ex
575 3635 826 3723 vocabulorum
853 3652 1033 3724 indicibus
1053 3653 1115 3744 qui
1138 3652 1230 3724 libro
1250 3653 1513 3744 adjunguntur,

458 3783 492 3846 ct
519 3776 562 3848 de
590 3776 722 3866 quibus
747 3784 869 3868 postea
898 3797 1009 3868 pauca
1035 3778 1170 3862 dicam,
1200 3784 1346 3868 apparet
1373 3776 1512 3849 Baidet-

456 3908 530 3973 tum
552 3903 758 3993 cognovisse
782 3903 958 3992 imprimis
980 3902 1219 3994 Burgundiam
1241 3911 1275 3974 ct
1296 3902 1511 3974 Fiandriam.

455 4027 496 4097 ln
531 4027 667 4098 ratione
702 4035 818 4100 autem
849 4011 958 4118 supra
990 4035 1207 4110 memorata,
1243 4027 1373 4100 dicitur
1407 4033 1512 4099 uatus

485 4266 520 4330 (1)
534 4269 668 4317 Archives
683 4269 732 4316 des
746 4270 891 4328 missioms,
907 4267 928 4322 1.
944 4266 998 4319 267.

485 4355 519 4419 (ἲ)
536 4359 647 4406 Notrces
668 4361 693 4406 et
709 4355 834 4406 Extraiis
853 4359 902 4406 des
921 4359 1096 4406 manuscrits
1115 4359 1149 4405 de
1167 4359 1192 4404 ta
1214 4357 1405 4418 stultumque
1419 4357 1511 4406 matio·

454 4450 527 4508 nale,
541 4449 560 4498 t.
576 4445 702 4508 XXXIII,
718 4445 743 4496 2·
756 4446 854 4510 partie.
