3552 5282
855 558 894 571 ..
915 526 954 588 gg
975 557 1014 570 ..

404 665 510 736 rerba
528 680 610 735 vero
631 663 779 734 univoca
799 663 872 733 sive
890 665 1055 730 coronato
1071 661 1107 730 in
1124 659 1242 731 medio
1265 657 1330 752 (t),
1348 667 1410 732 aot
1428 661 1467 731 in

403 786 475 858 fine
494 803 661 857 versuum
679 781 744 878 (i),
762 792 822 856 ant
838 784 875 856 in
890 784 1009 856 medio
1026 783 1134 855 simul
1149 791 1257 873 atque
1271 783 1310 854 in
1327 782 1399 856 fine
1417 778 1468 876 (5)

403 910 579 982 collocari.

451 1035 515 1105 His
536 1034 654 1106 verbis
674 1033 793 1105 Artem
813 1033 967 1105 absolvit
989 1057 998 1103 :

457 1186 472 1223 ‹
496 1159 604 1230 Asson
624 1158 782 1230 d’antres
802 1159 928 1249 reigies
948 1165 983 1229 et
1003 1159 1120 1230 tailles
1140 1158 1184 1229 de
1204 1157 1410 1248 rhetorique
1430 1177 1469 1230 se

307 1353 310 1359 ,
404 1290 566 1356 trement
586 1301 656 1372 qne
675 1283 758 1373 n'ay
779 1300 869 1373 ponr
886 1282 1041 1354 hrefrete
1061 1284 1115 1373 icy
1136 1300 1274 1372 posces.
1293 1282 1361 1353 Car
1375 1283 1467 1354 seni·

404 1407 537 1479 lement
563 1425 607 1496 ay
633 1406 762 1478 tonchd
789 1425 810 1476 a
833 1405 987 1496 prendre
1011 1407 1062 1477 ies
1088 1406 1291 1478 meilienres
1321 1415 1355 1478 ot
1387 1407 1469 1496 plns

404 1530 535 1602 riches.
557 1529 622 1600 Fin
643 1529 688 1601 de
708 1530 787 1600 Part
807 1536 842 1601 et
860 1530 999 1601 sciense
1022 1529 1066 1600 de
1085 1513 1374 1618 doctorisque}

454 1654 625 1743 Sequitur
640 1652 748 1725 index
765 1653 903 1725 circiter
918 1652 1201 1742 quattuordecim
1221 1653 1334 1724 miliia
1350 1655 1469 1726 verbo·

404 1796 483 1848 rom
503 1778 597 1848 inter
616 1795 655 1848 se
672 1776 946 1848 consonantium
963 1777 1165 1858 continens,
1177 1796 1329 1867 qnorum
1347 1786 1470 1869 postea

405 1904 518 1973 muita
533 1902 607 1990 jam
624 1901 785 1972 obsoleta
804 1900 911 1971 horno
932 1900 1094 1991 qnidam,
1112 1903 1214 1992 cnjns
1235 1921 1322 1974 sane
1342 1902 1409 1974 init
1429 1903 1469 1975 li·

404 2027 481 2106 her,
492 2025 634 2111 delevit,
646 2023 833 2095 nonnuliis
845 2010 925 2096 aliis
937 2025 974 2095 in
986 2042 1108 2096 eornm
1121 2026 1237 2096 locum
1249 2025 1467 2098 substitutis.

408 2150 456 2220 Er
479 2139 597 2220 veritis
622 2155 741 2221 antem
762 2149 811 2220 ita
837 2148 1015 2230 suffectis,
1037 2167 1170 2221 nomen
1192 2148 1373 2219 adalharde
1397 2150 1471 2241 dig-

409 2290 495 2344 num
516 2280 571 2344 est
590 2273 691 2362 cnjus
712 2273 931 2345 mentionem
957 2273 1097 2344 faciam.
1120 2275 1187 2358 Qni
1210 2291 1291 2346 vero
1316 2274 1468 2346 indicem

406 2396 473 2468 hoc
489 2397 594 2468 modo
613 2395 815 2468 emendavit
829 2397 923 2468 idem
940 2414 1020 2468 esse
1035 2397 1124 2467 mitri
1137 2397 1276 2468 videtur
1290 2404 1398 2488 atque
1410 2399 1471 2471 iiie

406 2521 469 2610 qni
494 2520 530 2589 in
554 2520 702 2591 ultimae
730 2519 879 2611 paginae
905 2521 1075 2611 margine·
1092 2521 1266 2612 scripsit:
1294 2523 1467 2613 ‹Henry,

406 2662 469 2736 roy
488 2643 533 2716 de
553 2645 699 2726 Franco,
721 2664 742 2716 a
762 2652 843 2716 tons
862 2653 1026 2734 presente
1046 2654 1126 2718 et...
1148 2643 1261 2715 Belloi
1278 2673 1293 2710 ›
1320 2631 1385 2739 (i).

436 2952 469 3014 (1)
502 2951 565 3002 Non
580 2965 644 3002 sans
661 2955 726 3002 voix
739 2966 808 3014 ceys
820 2953 893 3003 crier
907 2967 922 3002 a
937 2952 1009 3003 Dieu
1024 2967 1127 3016 morey,

503 3039 557 3091 Car
573 3053 608 3089 en
623 3042 702 3090 croix
717 3054 799 3102 crcys
815 3042 862 3103 qui
878 3041 974 3090 chasse
989 3041 1075 3090 maint
1092 3055 1210 3106 souoy...

439 3128 473 3191 (i)
505 3129 558 3179 Par
573 3129 698 3193 guerrier
712 3133 789 3178 n‘ont
803 3130 843 3179 les
857 3132 982 3190 pupilles
995 3133 1158 3191 mespileas,

503 3217 605 3269 Veivos
621 3223 670 3268 ont
684 3222 777 3281 pertas
789 3233 844 3268 aux
856 3219 937 3282 longz
953 3222 1069 3280 desroys
1081 3223 1131 3268 des
1144 3233 1239 3282 roya...

499 3394 593 3454 Quant
607 3395 645 3445 du
658 3410 712 3460 gay
725 3398 810 3459 bruyt
825 3396 963 3446 d’amonrs
979 3400 1099 3446 scuvent
1115 3401 1181 3446 vent
1197 3401 1287 3457 vente,

499 3483 534 3533 Et
550 3483 670 3544 l‘ament,
685 3485 732 3548 qui
746 3498 798 3535 son
813 3499 900 3534 cucur
914 3489 1031 3549 opacant
1047 3488 1130 3547 vend,
1147 3489 1234 3544 vante,

502 3572 629 3624 S'amour
633 3609 1260 3628 ................

436 3661 470 3725 (3)
596 3663 650 3712 Per
663 3663 772 3713 discors
785 3677 849 3714 cors
862 3666 890 3726 ia
905 3663 963 3726 pris
977 3676 1011 3711 en
1026 3667 1141 3714 recorda
1155 3677 1248 3724 corps,

594 3750 687 3802 Creux
702 3755 818 3815 garnidz
833 3755 908 3814 nida,
925 3766 962 3801 ou
977 3767 993 3800 a
1007 3766 1065 3801 mes
1080 3766 1161 3814 amps
1176 3767 1270 3814 mys...

437 3837 471 3900 (i)
492 3837 588 3889 Codex
610 3841 663 3889 suit
683 3840 783 3889 deinde
803 3840 985 3902 quorumdam
1004 3841 1129 3890 virorum
1149 3841 1261 3890 nomine
1280 3845 1422 3890 Touoertot
1445 3846 1472 3890 et

404 3931 566 3988 Darpoupes
580 3943 611 3976 :o
627 3927 666 3978 Ge
682 3933 795 3992 present
810 3929 879 3978 livre
896 3929 1053 3992 appartient
1068 3944 1084 3977 a
1098 3929 1133 3977 M.
1148 3929 1304 3980 Toufvenot
1320 3930 1346 3978 le
1362 3928 1471 3992 Clique·

405 4013 475 4074 tier,
491 4014 653 4065 demeurant
669 4029 703 4065 en
715 4017 742 4065 la
754 4030 803 4066 rue
819 4017 868 4066 des
881 4018 1046 4068 Amazones.
1063 4032 1076 4063 a

438 4104 490 4152 «Α
504 4117 569 4152 mon
584 4104 683 4152 cousin
701 4108 728 4153 et
748 4107 803 4153 bon
822 4119 901 4168 amy,
918 4103 983 4154 inon
1001 4105 1099 4153 cousin
1115 4104 1292 4168 Dargouges,
1309 4105 1474 4180 domeurant

355 4203 357 4206 ’
406 4205 441 4241 en
457 4192 484 4240 la
498 4192 622 4255 paroisse
640 4192 719 4242 Saint
734 4193 829 4242 Pierre
849 4194 883 4242 de
906 4198 994 4252 caen,
1017 4193 1079 4256 pres
1100 4194 1126 4241 la
1141 4192 1237 4243 Gohue
1253 4193 1348 4243 dudict
1366 4194 1437 4254 lieu,
1455 4208 1471 4241 a

405 4281 452 4345 qui
468 4281 624 4344 appartient
639 4295 670 4332 co
684 4285 797 4348 present
810 4282 889 4332 livre.
906 4282 961 4344 Qui
975 4283 1000 4332 le
1014 4287 1152 4343 trouveras,
1165 4281 1230 4346 (μή)
1239 4283 1289 4346 luy
1302 4282 1396 4344 rende,
1408 4281 1467 4332 etii
