3552 5282
733 617 891 680 ..77-

281 758 477 835 rhetorioae
497 759 612 831 rotari
633 759 766 838 solent:
789 758 921 847 quibus
948 775 990 828 er
1018 755 1230 828 infortunati
1251 755 1342 828 fibro

281 883 452 957 traductis
474 883 637 974 exempta
659 881 810 954 addidit.
832 883 906 954 Hoo
925 888 1063 954 tantum
1084 899 1126 953 ex
1147 900 1212 953 suo
1232 899 1341 953 sensu

281 997 426 1101 profert.
444 1009 653 1100 Complures
672 1015 791 1079 tamen
807 1007 943 1098 speeies
960 1006 1065 1079 refert
1079 1004 1123 1078 de
1139 1006 1270 1097 quibus
1287 1008 1343 1076 11-

281 1133 486 1206 fortuuatus.
501 1131 593 1204 nihii
613 1130 716 1214 dixit,
740 1139 935 1222 quaesunt
955 1130 1093 1223 septeni
1114 1148 1238 1203 uersus
1258 1128 1343 1224 (sep-

282 1255 423 1352 introiet
451 1259 734 1352 ‹m'queropuer
761 1276 780 1330 1
801 1256 983 1330 1110Ιί11110
1004 1256 1172 1348 repetita,
1195 1257 1287 1328 situi
1310 1262 1345 1329 11

283 1383 473 1476 rhythmus
499 1409 514 1447 r
541 1381 831 1461 deonerans»,
859 1383 960 1474 eujus
987 1400 1138 1466 nomen,
1165 1401 1237 1453 uon
1266 1400 1341 1467 res,

283 1489 436 1607 primum
459 1515 543 1580 tuno
562 1507 598 1579 in
621 1507 775 1580 medium
799 1507 991 1578 111111111
1013 1507 1108 1578 enim
1131 1506 1222 1578 nihii
1243 1495 1343 1580 aliud

284 1639 338 1707 ost
350 1633 420 1705 nisi
436 1633 573 1724 speeies
588 1633 769 1723 illaquam
786 1630 891 1704 modo
903 1630 1031 1704 fitteris
1046 1630 1138 1736 uoob
1149 1629 1241 1702 aaab
1251 1629 1345 1701 anob

284 1767 350 1832 ete.
372 1757 492 1831 effinxi
517 1757 564 1852 (f)
589 1757 718 1853 (littera
737 1757 757 1828 b
777 1777 898 1833 versus
917 1758 1090 1832 brevioris
1111 1760 1226 1831 toourn
1242 1777 1345 1831 usur·

284 1881 419 1978 pente),
438 1903 618 1975 quamque
633 1884 729 1975 apud
744 1884 966 1955 Mofinettum
983 1883 1186 1956 invenimus
1201 1892 1236 1957 et
1248 1883 1344 1978 apud

283 2009 420 2099 priores
436 2008 609 2099 quosdam
631 2009 691 2098 qui
708 2008 752 2080 de
768 2009 849 2081 istis
867 2009 1098 2099 seripserunt.
1121 2012 1161 2080 11
1178 2010 1222 2082 iis
1238 2011 1344 2082 etiam

284 2133 395 2205 Faber
415 2133 636 2204 Molinettuur
658 2134 819 2204 imitatur
839 2133 924 2204 focis
945 2132 1006 2204 ubi
1029 2132 1072 2206 de
1096 2134 1344 2206 iterationibus

284 2259 484 2339 verborum,
502 2258 699 2330 debatiatis
712 2267 747 2330 et
765 2258 809 2330 do
828 2285 844 2321 ‹
861 2257 1133 2348 bopueuoudes»
1149 2261 1264 2350 agitur
1278 2259 1342 2353 (2).

330 2384 380 2454 Ne
396 2383 506 2455 semel
516 2383 660 2473 quidem
671 2384 843 2455 1111Ιί11111
861 2401 991 2455 nomen
1004 2383 1170 2478 desierat,
1185 2384 1247 2455 sed
1266 2402 1344 2455 oum

283 2509 496 2581 senteutiam
522 2508 680 2599 aliquam
709 2509 813 2580 refert
834 2528 941 2598 quam
962 2528 1035 2580 non
1060 2527 1100 2580 11
1123 2509 1344 2581 infortunato

282 2634 493 2714 traduxerit,
511 2651 587 2706 eam
606 2634 651 2704 iis
668 2634 793 2704 tribuit
812 2652 902 2724 quos
925 2660 939 2695 r
958 2631 1114 2702 Pteords
1131 2659 1146 2696 r
1165 2632 1342 2722 appeltam

282 2777 324 2830 ex
341 2777 412 2850 quo
429 2759 540 2850 iiquet
555 2777 636 2831 eum
655 2777 759 2830 usum
780 2733 858 2831 esse
873 2757 1066 2849 exemplari
1088 2758 1142 2829 oui
1165 2776 1343 2847 nusquam

283 2885 494 2976 inscriptum
522 2891 597 2956 erat
616 2883 799 2974 scriptoris
825 2902 971 2964 nomen,
994 2884 1043 2955 ita
1064 2893 1101 2954 ut
1121 2884 1188 2954 boo
1206 2891 1343 2954 fautum

284 3009 416 3081 sentire
437 3010 603 3100 potuerit,
625 3009 832 3100 scriptorem
851 3007 1182 3111 Pioardioaegentis
1201 3027 1293 3080 esse.

332 3134 545 3207 infortunati
564 3144 686 3206 eontra
706 3152 837 3206 nomen
858 3134 1069 3226 saepissime
1094 3134 1228 3206 indicat
1248 3141 1282 3206 et
1301 3151 1343 3206 ex

284 3259 360 3350 eJus
380 3259 470 3331 fibro
491 3260 602 3332 multa
621 3266 785 3349 excerpta
807 3259 928 3338 refert,
952 3259 1002 3331 ita
1022 3268 1060 3331 ut
1080 3259 1161 3349 quis
1189 3260 1266 3331 sine
1286 3259 1343 3330 in·

279 3383 375 3474 juria
406 3383 499 3456 dieat
528 3385 788 3457 infortunatum
822 3384 934 3456 Fabro
963 3385 1190 3475 praecipuum
1217 3385 1343 3458 ducem

284 3508 412 3616 fuisse,
443 3529 521 3582 oum
547 3513 758 3603 plerumque
785 3510 883 3582 itlius
910 3529 1032 3584 versus
1059 3511 1095 3582 in
1119 3512 1227 3602 buius
1255 3530 1345 3603 opus

283 3635 400 3708 soluta
417 3609 577 3708 oratione
597 3634 839 3708 traducantur.
864 3636 1057 3709 Utilitatem
1078 3643 1196 3708 tamen
1218 3637 1343 3709 etiam·

284 3757 368 3830 dum
394 3759 506 3833 Faber
532 3761 698 3851 praebet,
728 3780 807 3834 oum
836 3762 1011 3852 quaedam
1040 3762 1251 3835 infortunati
1283 3763 1345 3835 ob·

284 3901 386 3955 soura
413 3884 570 3957 difuoida
599 3886 773 3966 effecerit,
806 3885 979 3977 quaedam
1008 3887 1252 3959 constrictiore
1282 3907 1344 3960 111-

283 4007 464 4098 piioaverit
483 4011 536 4083 rei
557 4013 663 4084 etiam
681 4012 828 4083 omnino
845 4011 951 4082 atium
973 4013 1187 4085 sententiam
1207 4013 1343 4084 tuterit.

327 4319 336 4370 f
365 4319 396 4370 Ρ.
412 4320 450 4370 32.

315 4319 349 4474 {i}
362 4407 404 4459 Gf.
421 4409 554 4472 Zscbalig,
571 4413 621 4458 loc.
638 4413 695 4473 cit,
711 4425 738 4473 p.
757 4410 795 4470 31,
812 4410 891 4470 41-13,
908 4409 946 4460 52.
