<?xml version="1.0" encoding="UTF-8"?>
<!DOCTYPE html PUBLIC "-//W3C//DTD XHTML 1.0 Transitional//EN"
    "http://www.w3.org/TR/xhtml1/DTD/xhtml1-transitional.dtd">
<html xmlns="http://www.w3.org/1999/xhtml" xml:lang="en" lang="en">
 <head>
  <title>
</title>
<meta http-equiv="Content-Type" content="text/html;charset=utf-8" />
  <meta name='ocr-system' content='tesseract 3.04.00' />
  <meta name='ocr-capabilities' content='ocr_page ocr_carea ocr_par ocr_line ocrx_word'/>
</head>
<body>
  <div class='ocr_page' id='page_1' title='image "./deartibusrhetor00langgoog_0049.png"; bbox 0 0 3584 5286; ppageno 0'>
   <div class='ocr_carea' id='block_1_1' title="bbox 906 627 1067 692">
    <p class='ocr_par' dir='ltr' id='par_1_1' title="bbox 906 627 1067 692">
     <span class='ocr_line' id='line_1_1' title="bbox 906 627 1067 692; baseline 0.012 -16"><span class='ocrx_word' id='word_1_1' title='bbox 906 627 1067 692; x_wconf 72' lang='lat'><strong>..33-</strong></span> 
     </span>
    </p>
   </div>
   <div class='ocr_carea' id='block_1_2' title="bbox 449 759 1516 1356">
    <p class='ocr_par' dir='ltr' id='par_1_2' title="bbox 449 759 1516 1356">
     <span class='ocr_line' id='line_1_2' title="bbox 449 759 1513 856; baseline -0.016 -6"><span class='ocrx_word' id='word_1_2' title='bbox 449 777 578 852; x_wconf 76' lang='lat' dir='ltr'><strong>uerbis</strong></span> <span class='ocrx_word' id='word_1_3' title='bbox 603 777 791 845; x_wconf 78' lang='lat' dir='ltr'><strong>contentus</strong></span> <span class='ocrx_word' id='word_1_4' title='bbox 818 766 924 838; x_wconf 85' lang='lat' dir='ltr'><strong>inerit</strong></span> <span class='ocrx_word' id='word_1_5' title='bbox 949 765 1000 837; x_wconf 89' lang='lat' dir='ltr'><strong>ita</strong></span> <span class='ocrx_word' id='word_1_6' title='bbox 1030 762 1288 856; x_wconf 75' lang='lat' dir='ltr'><strong>incipientibus</strong></span> <span class='ocrx_word' id='word_1_7' title='bbox 1314 767 1355 834; x_wconf 89' lang='lat' dir='ltr'><strong>ut</strong></span> <span class='ocrx_word' id='word_1_8' title='bbox 1385 759 1513 834; x_wconf 80' lang='lat' dir='ltr'><strong>uenalis</strong></span> 
     </span>
     <span class='ocr_line' id='line_1_3' title="bbox 460 886 1511 985; baseline -0.017 -9"><span class='ocrx_word' id='word_1_9' title='bbox 460 905 578 976; x_wconf 88' lang='lat' dir='ltr'><strong>littera</strong></span> <span class='ocrx_word' id='word_1_10' title='bbox 609 899 819 985; x_wconf 80' lang='lat' dir='ltr'><strong>insequatur</strong></span> <span class='ocrx_word' id='word_1_11' title='bbox 847 897 1117 963; x_wconf 86' lang='lat' dir='ltr'><strong>nuuseuautem.</strong></span> <span class='ocrx_word' id='word_1_12' title='bbox 1152 887 1336 980; x_wconf 85' lang='lat' dir='ltr'><strong>Quidquid</strong></span> <span class='ocrx_word' id='word_1_13' title='bbox 1367 886 1511 968; x_wconf 89' lang='lat' dir='ltr'><strong>idest,</strong></span> 
     </span>
     <span class='ocr_line' id='line_1_4' title="bbox 460 1011 1513 1106; baseline -0.018 -5"><span class='ocrx_word' id='word_1_14' title='bbox 460 1031 548 1102; x_wconf 82' lang='lat' dir='ltr'><strong>haee</strong></span> <span class='ocrx_word' id='word_1_15' title='bbox 573 1022 683 1096; x_wconf 91' lang='lat' dir='ltr'><strong>series</strong></span> <span class='ocrx_word' id='word_1_16' title='bbox 711 1017 816 1090; x_wconf 84' lang='lat' dir='ltr'><strong>uehis</strong></span> <span class='ocrx_word' id='word_1_17' title='bbox 843 1023 898 1088; x_wconf 90' lang='lat' dir='ltr'><strong>est</strong></span> <span class='ocrx_word' id='word_1_18' title='bbox 922 1015 1041 1106; x_wconf 77' lang='lat' dir='ltr'><strong>magni</strong></span> <span class='ocrx_word' id='word_1_19' title='bbox 1065 1014 1169 1106; x_wconf 85' lang='lat' dir='ltr'><strong>pretii</strong></span> <span class='ocrx_word' id='word_1_20' title='bbox 1200 1038 1209 1084; x_wconf 91' lang='lat'><strong>:</strong></span> <span class='ocrx_word' id='word_1_21' title='bbox 1239 1013 1394 1104; x_wconf 82' lang='lat' dir='ltr'><strong>plurima</strong></span> <span class='ocrx_word' id='word_1_22' title='bbox 1417 1011 1513 1084; x_wconf 87' lang='lat' dir='ltr'><strong>eninr</strong></span> 
     </span>
     <span class='ocr_line' id='line_1_5' title="bbox 460 1135 1516 1232; baseline -0.013 -8"><span class='ocrx_word' id='word_1_23' title='bbox 460 1150 566 1224; x_wconf 84' lang='lat' dir='ltr'><strong>rerba</strong></span> <span class='ocrx_word' id='word_1_24' title='bbox 577 1145 767 1219; x_wconf 84' lang='lat' dir='ltr'><strong>continete</strong></span> <span class='ocrx_word' id='word_1_25' title='bbox 778 1139 1051 1232; x_wconf 73' lang='lat' dir='ltr'><strong>lexicographis</strong></span> <span class='ocrx_word' id='word_1_26' title='bbox 1065 1139 1172 1212; x_wconf 89' lang='lat' dir='ltr'><strong>etiam</strong></span> <span class='ocrx_word' id='word_1_27' title='bbox 1183 1158 1205 1211; x_wconf 88' lang='lat' dir='ltr'><strong>a</strong></span> <span class='ocrx_word' id='word_1_28' title='bbox 1216 1135 1516 1230; x_wconf 83' lang='lat' dir='ltr'><strong>Gadeireyadhue</strong></span> 
     </span>
     <span class='ocr_line' id='line_1_6' title="bbox 461 1263 1515 1356; baseline -0.013 -8"><span class='ocrx_word' id='word_1_29' title='bbox 461 1275 606 1349; x_wconf 88' lang='lat' dir='ltr'><strong>emissa.</strong></span> <span class='ocrx_word' id='word_1_30' title='bbox 627 1267 889 1340; x_wconf 82' lang='lat' dir='ltr'><strong>Nouuurtorum</strong></span> <span class='ocrx_word' id='word_1_31' title='bbox 909 1282 952 1336; x_wconf 81' lang='lat' dir='ltr'><strong>ex</strong></span> <span class='ocrx_word' id='word_1_32' title='bbox 971 1265 1030 1337; x_wconf 85' lang='lat' dir='ltr'><strong>his</strong></span> <span class='ocrx_word' id='word_1_33' title='bbox 1049 1264 1231 1337; x_wconf 80' lang='lat' dir='ltr'><strong>vocandis</strong></span> <span class='ocrx_word' id='word_1_34' title='bbox 1248 1282 1378 1337; x_wconf 86' lang='lat' dir='ltr'><strong>sensus</strong></span> <span class='ocrx_word' id='word_1_35' title='bbox 1396 1263 1515 1356; x_wconf 82' lang='lat' dir='ltr'><strong>expia·</strong></span> 
     </span>
    </p>
   </div>
   <div class='ocr_carea' id='block_1_3' title="bbox 456 1391 1516 1988">
    <p class='ocr_par' dir='ltr' id='par_1_3' title="bbox 460 1391 648 1488">
     <span class='ocr_line' id='line_1_7' title="bbox 460 1391 648 1488; baseline -0.059 -16"><span class='ocrx_word' id='word_1_36' title='bbox 460 1405 567 1472; x_wconf 91' lang='lat' dir='ltr'><strong>natur</strong></span> <span class='ocrx_word' id='word_1_37' title='bbox 587 1391 648 1488; x_wconf 79' lang='grc' dir='ltr'><strong>(Ι).</strong></span> 
     </span>
    </p>

    <p class='ocr_par' dir='ltr' id='par_1_4' title="bbox 456 1514 1516 1988">
     <span class='ocr_line' id='line_1_8' title="bbox 509 1514 1513 1607; baseline -0.009 -13"><span class='ocrx_word' id='word_1_38' title='bbox 509 1520 665 1594; x_wconf 85' lang='lat' dir='ltr'><strong>Priorem</strong></span> <span class='ocrx_word' id='word_1_39' title='bbox 681 1517 778 1588; x_wconf 86' lang='lat' dir='ltr'><strong>iliam</strong></span> <span class='ocrx_word' id='word_1_40' title='bbox 794 1515 922 1589; x_wconf 89' lang='lat' dir='ltr'><strong>seriem</strong></span> <span class='ocrx_word' id='word_1_41' title='bbox 936 1515 1047 1588; x_wconf 88' lang='lat' dir='ltr'><strong>altera</strong></span> <span class='ocrx_word' id='word_1_42' title='bbox 1060 1514 1225 1607; x_wconf 88' lang='lat' dir='ltr'><strong>sequitur</strong></span> <span class='ocrx_word' id='word_1_43' title='bbox 1235 1515 1348 1587; x_wconf 86' lang='lat' dir='ltr'><strong>multu</strong></span> <span class='ocrx_word' id='word_1_44' title='bbox 1362 1514 1513 1606; x_wconf 80' lang='lat' dir='ltr'><strong>longior,</strong></span> 
     </span>
     <span class='ocr_line' id='line_1_9' title="bbox 456 1639 1516 1741; baseline -0.007 -21"><span class='ocrx_word' id='word_1_45' title='bbox 456 1647 717 1741; x_wconf 81' lang='lat' dir='ltr'><strong>justioremque</strong></span> <span class='ocrx_word' id='word_1_46' title='bbox 753 1642 922 1714; x_wconf 89' lang='lat' dir='ltr'><strong>obtinens</strong></span> <span class='ocrx_word' id='word_1_47' title='bbox 961 1643 1077 1714; x_wconf 88' lang='lat' dir='ltr'><strong>lecum</strong></span> <span class='ocrx_word' id='word_1_48' title='bbox 1116 1642 1154 1712; x_wconf 94' lang='lat' dir='ltr'><strong>in</strong></span> <span class='ocrx_word' id='word_1_49' title='bbox 1191 1642 1275 1714; x_wconf 82' lang='lat' dir='ltr'><strong>Arte</strong></span> <span class='ocrx_word' id='word_1_50' title='bbox 1310 1639 1516 1713; x_wconf 80' lang='lat' dir='ltr'><strong>Rhetoricae</strong></span> 
     </span>
     <span class='ocr_line' id='line_1_10' title="bbox 461 1763 1514 1863; baseline -0.006 -20"><span class='ocrx_word' id='word_1_51' title='bbox 461 1768 692 1863; x_wconf 79' lang='lat' dir='ltr'><strong>rhythmicae.</strong></span> <span class='ocrx_word' id='word_1_52' title='bbox 716 1769 814 1853; x_wconf 86' lang='lat' dir='ltr'><strong>Quae</strong></span> <span class='ocrx_word' id='word_1_53' title='bbox 839 1767 949 1840; x_wconf 91' lang='lat' dir='ltr'><strong>series</strong></span> <span class='ocrx_word' id='word_1_54' title='bbox 975 1773 1113 1840; x_wconf 87' lang='lat' dir='ltr'><strong>eonstat</strong></span> <span class='ocrx_word' id='word_1_55' title='bbox 1139 1785 1181 1839; x_wconf 83' lang='lat' dir='ltr'><strong>er</strong></span> <span class='ocrx_word' id='word_1_56' title='bbox 1211 1772 1338 1836; x_wconf 78' lang='lat' dir='ltr'><strong>«muts</strong></span> <span class='ocrx_word' id='word_1_57' title='bbox 1358 1763 1514 1848; x_wconf 72' lang='lat' dir='ltr'><strong>leonites,</strong></span> 
     </span>
     <span class='ocr_line' id='line_1_11' title="bbox 457 1890 1516 1988; baseline 0 -24"><span class='ocrx_word' id='word_1_58' title='bbox 457 1892 576 1988; x_wconf 68' lang='lat' dir='ltr'><strong>pluras</strong></span> <span class='ocrx_word' id='word_1_59' title='bbox 590 1913 752 1977; x_wconf 73' lang='lat' dir='ltr'><strong>rennues,</strong></span> <span class='ocrx_word' id='word_1_60' title='bbox 773 1890 978 1985; x_wconf 81' lang='lat' dir='ltr'><strong>equiuoques</strong></span> <span class='ocrx_word' id='word_1_61' title='bbox 995 1897 1028 1962; x_wconf 85' lang='lat' dir='ltr'><strong>ei</strong></span> <span class='ocrx_word' id='word_1_62' title='bbox 1043 1913 1258 1985; x_wconf 57' lang='lat' dir='ltr'><strong>parerem,</strong></span> <span class='ocrx_word' id='word_1_63' title='bbox 1280 1919 1296 1958; x_wconf 75' lang='lat' dir='ltr'><strong>a</strong></span> <span class='ocrx_word' id='word_1_64' title='bbox 1320 1891 1516 1964; x_wconf 86' lang='lat' dir='ltr'><strong>litterarum</strong></span> 
     </span>
    </p>
   </div>
   <div class='ocr_carea' id='block_1_4' title="bbox 491 2172 1339 3759">
    <p class='ocr_par' dir='ltr' id='par_1_5' title="bbox 492 2172 973 2236">
     <span class='ocr_line' id='line_1_12' title="bbox 492 2172 973 2236; baseline -0.002 -13"><span class='ocrx_word' id='word_1_65' title='bbox 492 2174 526 2236; x_wconf 85' lang='lat' dir='ltr'><strong>(l)</strong></span> <span class='ocrx_word' id='word_1_66' title='bbox 541 2172 616 2222; x_wconf 86' lang='lat' dir='ltr'><strong>Haec</strong></span> <span class='ocrx_word' id='word_1_67' title='bbox 628 2177 693 2222; x_wconf 84' lang='lat' dir='ltr'><strong>aunt</strong></span> <span class='ocrx_word' id='word_1_68' title='bbox 707 2172 813 2235; x_wconf 80' lang='lat' dir='ltr'><strong>aliquot</strong></span> <span class='ocrx_word' id='word_1_69' title='bbox 825 2173 951 2236; x_wconf 86' lang='lat' dir='ltr'><strong>exempla</strong></span> <span class='ocrx_word' id='word_1_70' title='bbox 966 2188 973 2222; x_wconf 90' lang='lat'><strong>:</strong></span> 
     </span>
    </p>

    <p class='ocr_par' dir='ltr' id='par_1_6' title="bbox 491 2262 801 2324">
     <span class='ocr_line' id='line_1_13' title="bbox 491 2262 801 2324; baseline 0 -12"><span class='ocrx_word' id='word_1_71' title='bbox 491 2262 581 2324; x_wconf 75' lang='lat' dir='ltr'><strong>Riese,</strong></span> <span class='ocrx_word' id='word_1_72' title='bbox 596 2263 644 2324; x_wconf 94' lang='lat' dir='ltr'><strong>qui</strong></span> <span class='ocrx_word' id='word_1_73' title='bbox 659 2266 700 2311; x_wconf 84' lang='lat' dir='ltr'><strong>est</strong></span> <span class='ocrx_word' id='word_1_74' title='bbox 715 2264 801 2312; x_wconf 82' lang='lat' dir='ltr'><strong>ueste.</strong></span> 
     </span>
    </p>

    <p class='ocr_par' dir='ltr' id='par_1_7' title="bbox 491 2351 1204 2504">
     <span class='ocr_line' id='line_1_14' title="bbox 492 2351 1204 2413; baseline 0.008 -13"><span class='ocrx_word' id='word_1_75' title='bbox 492 2351 613 2412; x_wconf 85' lang='lat' dir='ltr'><strong>Bibelos,</strong></span> <span class='ocrx_word' id='word_1_76' title='bbox 629 2351 756 2413; x_wconf 87' lang='lat' dir='ltr'><strong>quisunt</strong></span> <span class='ocrx_word' id='word_1_77' title='bbox 771 2352 869 2402; x_wconf 87' lang='lat' dir='ltr'><strong>choses</strong></span> <span class='ocrx_word' id='word_1_78' title='bbox 884 2351 1000 2402; x_wconf 85' lang='lat' dir='ltr'><strong>d&#39;estain</strong></span> <span class='ocrx_word' id='word_1_79' title='bbox 1014 2367 1049 2402; x_wconf 87' lang='lat' dir='ltr'><strong>eu</strong></span> <span class='ocrx_word' id='word_1_80' title='bbox 1062 2356 1204 2408; x_wconf 83' lang='lat' dir='ltr'><strong>mercerie.</strong></span> 
     </span>
     <span class='ocr_line' id='line_1_15' title="bbox 491 2441 891 2504; baseline 0.003 -14"><span class='ocrx_word' id='word_1_81' title='bbox 491 2441 601 2503; x_wconf 72' lang='lat' dir='ltr'><strong>Biante,</strong></span> <span class='ocrx_word' id='word_1_82' title='bbox 616 2441 664 2504; x_wconf 92' lang='lat' dir='ltr'><strong>qui</strong></span> <span class='ocrx_word' id='word_1_83' title='bbox 679 2445 789 2491; x_wconf 87' lang='lat' dir='ltr'><strong>estune</strong></span> <span class='ocrx_word' id='word_1_84' title='bbox 804 2443 891 2491; x_wconf 82' lang='lat' dir='ltr'><strong>beate.</strong></span> 
     </span>
    </p>

    <p class='ocr_par' dir='ltr' id='par_1_8' title="bbox 492 2531 1149 2682">
     <span class='ocr_line' id='line_1_16' title="bbox 492 2531 1149 2595; baseline 0.011 -15"><span class='ocrx_word' id='word_1_85' title='bbox 492 2531 624 2590; x_wconf 74' lang='lat' dir='ltr'><strong>Boura-aa,</strong></span> <span class='ocrx_word' id='word_1_86' title='bbox 640 2531 675 2582; x_wconf 94' lang='lat' dir='ltr'><strong>de</strong></span> <span class='ocrx_word' id='word_1_87' title='bbox 687 2545 743 2594; x_wconf 91' lang='lat' dir='ltr'><strong>quo</strong></span> <span class='ocrx_word' id='word_1_88' title='bbox 757 2533 818 2595; x_wconf 84' lang='lat' dir='ltr'><strong>(sie)</strong></span> <span class='ocrx_word' id='word_1_89' title='bbox 833 2533 874 2582; x_wconf 86' lang='lat' dir='ltr'><strong>les</strong></span> <span class='ocrx_word' id='word_1_90' title='bbox 890 2533 1013 2584; x_wconf 81' lang='lat' dir='ltr'><strong>orievres</strong></span> <span class='ocrx_word' id='word_1_91' title='bbox 1025 2533 1149 2587; x_wconf 82' lang='lat' dir='ltr'><strong>fendent.</strong></span> 
     </span>
     <span class='ocr_line' id='line_1_17' title="bbox 494 2619 882 2682; baseline 0.005 -12"><span class='ocrx_word' id='word_1_92' title='bbox 494 2619 657 2682; x_wconf 87' lang='lat' dir='ltr'><strong>Bembarde,</strong></span> <span class='ocrx_word' id='word_1_93' title='bbox 673 2621 708 2672; x_wconf 94' lang='lat' dir='ltr'><strong>de</strong></span> <span class='ocrx_word' id='word_1_94' title='bbox 721 2627 882 2672; x_wconf 88' lang='lat' dir='ltr'><strong>menestrer.</strong></span> 
     </span>
    </p>

    <p class='ocr_par' dir='ltr' id='par_1_9' title="bbox 494 2708 964 2777">
     <span class='ocr_line' id='line_1_18' title="bbox 494 2708 964 2777; baseline 0.009 -17"><span class='ocrx_word' id='word_1_95' title='bbox 494 2708 626 2772; x_wconf 81' lang='lat' dir='ltr'><strong>Gamelet,</strong></span> <span class='ocrx_word' id='word_1_96' title='bbox 639 2711 687 2775; x_wconf 91' lang='lat' dir='ltr'><strong>qui</strong></span> <span class='ocrx_word' id='word_1_97' title='bbox 699 2716 741 2761; x_wconf 89' lang='lat' dir='ltr'><strong>est</strong></span> <span class='ocrx_word' id='word_1_98' title='bbox 755 2711 822 2776; x_wconf 89' lang='lat' dir='ltr'><strong>drap</strong></span> <span class='ocrx_word' id='word_1_99' title='bbox 840 2713 874 2762; x_wconf 87' lang='lat' dir='ltr'><strong>de</strong></span> <span class='ocrx_word' id='word_1_100' title='bbox 888 2726 964 2777; x_wconf 82' lang='lat' dir='ltr'><strong>seye.</strong></span> 
     </span>
    </p>

    <p class='ocr_par' dir='ltr' id='par_1_10' title="bbox 495 2797 866 2864">
     <span class='ocr_line' id='line_1_19' title="bbox 495 2797 866 2864; baseline 0.003 -13"><span class='ocrx_word' id='word_1_101' title='bbox 495 2797 637 2864; x_wconf 82' lang='lat' dir='ltr'><strong>Geueulle,</strong></span> <span class='ocrx_word' id='word_1_102' title='bbox 653 2802 701 2864; x_wconf 91' lang='lat' dir='ltr'><strong>qui</strong></span> <span class='ocrx_word' id='word_1_103' title='bbox 718 2805 760 2852; x_wconf 88' lang='lat' dir='ltr'><strong>est</strong></span> <span class='ocrx_word' id='word_1_104' title='bbox 774 2803 866 2852; x_wconf 91' lang='lat' dir='ltr'><strong>herbe.</strong></span> 
     </span>
    </p>

    <p class='ocr_par' dir='ltr' id='par_1_11' title="bbox 495 2887 1026 2952">
     <span class='ocr_line' id='line_1_20' title="bbox 495 2887 1026 2952; baseline 0.006 -12"><span class='ocrx_word' id='word_1_105' title='bbox 495 2887 591 2952; x_wconf 71' lang='lat' dir='ltr'><strong>dadin,</strong></span> <span class='ocrx_word' id='word_1_106' title='bbox 607 2904 623 2938; x_wconf 92' lang='lat' dir='ltr'><strong>a</strong></span> <span class='ocrx_word' id='word_1_107' title='bbox 636 2895 735 2940; x_wconf 86' lang='lat' dir='ltr'><strong>mettre</strong></span> <span class='ocrx_word' id='word_1_108' title='bbox 749 2892 824 2942; x_wconf 86' lang='lat' dir='ltr'><strong>vires</strong></span> <span class='ocrx_word' id='word_1_109' title='bbox 840 2891 1026 2943; x_wconf 85' lang='lat' dir='ltr'><strong>d&#39;arbaiestre.</strong></span> 
     </span>
    </p>

    <p class='ocr_par' dir='ltr' id='par_1_12' title="bbox 494 2979 1273 3132">
     <span class='ocr_line' id='line_1_21' title="bbox 494 2979 1273 3048; baseline 0.009 -18"><span class='ocrx_word' id='word_1_110' title='bbox 494 2979 653 3044; x_wconf 79' lang='lat' dir='ltr'><strong>Esquedon,</strong></span> <span class='ocrx_word' id='word_1_111' title='bbox 668 2981 751 3045; x_wconf 92' lang='lat' dir='ltr'><strong>qu&#39;on</strong></span> <span class='ocrx_word' id='word_1_112' title='bbox 764 2983 854 3032; x_wconf 89' lang='lat' dir='ltr'><strong>alume</strong></span> <span class='ocrx_word' id='word_1_113' title='bbox 867 2982 969 3033; x_wconf 84' lang='lat' dir='ltr'><strong>derant</strong></span> <span class='ocrx_word' id='word_1_114' title='bbox 982 2984 1008 3033; x_wconf 90' lang='lat' dir='ltr'><strong>le</strong></span> <span class='ocrx_word' id='word_1_115' title='bbox 1021 2984 1068 3034; x_wconf 86' lang='lat' dir='ltr'><strong>ieu</strong></span> <span class='ocrx_word' id='word_1_116' title='bbox 1082 2998 1132 3048; x_wconf 89' lang='lat' dir='ltr'><strong>par</strong></span> <span class='ocrx_word' id='word_1_117' title='bbox 1146 2998 1185 3034; x_wconf 94' lang='lat' dir='ltr'><strong>uu</strong></span> <span class='ocrx_word' id='word_1_118' title='bbox 1199 2986 1273 3038; x_wconf 84' lang='lat' dir='ltr'><strong>iasii.</strong></span> 
     </span>
     <span class='ocr_line' id='line_1_22' title="bbox 496 3067 812 3132; baseline 0.009 -14"><span class='ocrx_word' id='word_1_119' title='bbox 496 3067 592 3132; x_wconf 72' lang='lat' dir='ltr'><strong>(iesse,</strong></span> <span class='ocrx_word' id='word_1_120' title='bbox 606 3083 659 3132; x_wconf 75' lang='lat' dir='ltr'><strong>roy</strong></span> <span class='ocrx_word' id='word_1_121' title='bbox 674 3070 708 3120; x_wconf 92' lang='lat' dir='ltr'><strong>de</strong></span> <span class='ocrx_word' id='word_1_122' title='bbox 721 3069 812 3124; x_wconf 83' lang='lat' dir='ltr'><strong>Surie.</strong></span> 
     </span>
    </p>

    <p class='ocr_par' dir='ltr' id='par_1_13' title="bbox 496 3156 1339 3312">
     <span class='ocr_line' id='line_1_23' title="bbox 496 3156 1339 3228; baseline 0.009 -20"><span class='ocrx_word' id='word_1_123' title='bbox 496 3156 596 3221; x_wconf 69' lang='lat' dir='ltr'><strong>(touls,</strong></span> <span class='ocrx_word' id='word_1_124' title='bbox 612 3159 659 3222; x_wconf 91' lang='lat' dir='ltr'><strong>qui</strong></span> <span class='ocrx_word' id='word_1_125' title='bbox 674 3163 716 3209; x_wconf 91' lang='lat' dir='ltr'><strong>est</strong></span> <span class='ocrx_word' id='word_1_126' title='bbox 728 3161 822 3222; x_wconf 88' lang='lat' dir='ltr'><strong>beste;</strong></span> <span class='ocrx_word' id='word_1_127' title='bbox 838 3165 874 3220; x_wconf 86' lang='lat' dir='ltr'><strong>et,</strong></span> <span class='ocrx_word' id='word_1_128' title='bbox 890 3174 925 3210; x_wconf 89' lang='lat' dir='ltr'><strong>en</strong></span> <span class='ocrx_word' id='word_1_129' title='bbox 939 3161 1053 3224; x_wconf 79' lang='lat' dir='ltr'><strong>Franco,</strong></span> <span class='ocrx_word' id='word_1_130' title='bbox 1067 3165 1195 3228; x_wconf 84' lang='lat' dir='ltr'><strong>s&#39;eppelle</strong></span> <span class='ocrx_word' id='word_1_131' title='bbox 1208 3177 1266 3228; x_wconf 80' lang='lat' dir='ltr'><strong>ung</strong></span> <span class='ocrx_word' id='word_1_132' title='bbox 1279 3165 1339 3216; x_wconf 86' lang='lat' dir='ltr'><strong>loir.</strong></span> 
     </span>
     <span class='ocr_line' id='line_1_24' title="bbox 496 3246 1068 3312; baseline 0.01 -16"><span class='ocrx_word' id='word_1_133' title='bbox 496 3246 644 3308; x_wconf 75' lang='lat' dir='ltr'><strong>Hercenes,</strong></span> <span class='ocrx_word' id='word_1_134' title='bbox 663 3249 710 3312; x_wconf 90' lang='lat' dir='ltr'><strong>qui</strong></span> <span class='ocrx_word' id='word_1_135' title='bbox 724 3254 788 3298; x_wconf 88' lang='lat' dir='ltr'><strong>sont</strong></span> <span class='ocrx_word' id='word_1_136' title='bbox 802 3251 891 3300; x_wconf 87' lang='lat' dir='ltr'><strong>osiere</strong></span> <span class='ocrx_word' id='word_1_137' title='bbox 907 3265 942 3300; x_wconf 91' lang='lat' dir='ltr'><strong>en</strong></span> <span class='ocrx_word' id='word_1_138' title='bbox 955 3251 1068 3302; x_wconf 85' lang='lat' dir='ltr'><strong>France.</strong></span> 
     </span>
    </p>

    <p class='ocr_par' dir='ltr' id='par_1_14' title="bbox 495 3335 1038 3401">
     <span class='ocr_line' id='line_1_25' title="bbox 495 3335 1038 3401; baseline 0.007 -15"><span class='ocrx_word' id='word_1_139' title='bbox 495 3335 644 3397; x_wconf 80' lang='lat' dir='ltr'><strong>Juubarbe‚</strong></span> <span class='ocrx_word' id='word_1_140' title='bbox 660 3339 708 3401; x_wconf 92' lang='lat' dir='ltr'><strong>qui</strong></span> <span class='ocrx_word' id='word_1_141' title='bbox 722 3343 764 3388; x_wconf 88' lang='lat' dir='ltr'><strong>est</strong></span> <span class='ocrx_word' id='word_1_142' title='bbox 777 3339 861 3389; x_wconf 88' lang='lat' dir='ltr'><strong>herbe</strong></span> <span class='ocrx_word' id='word_1_143' title='bbox 875 3340 974 3393; x_wconf 79' lang='lat' dir='ltr'><strong>froide.</strong></span> <span class='ocrx_word' id='word_1_144' title='bbox 1033 3358 1038 3366; x_wconf 91' lang='lat'><strong>·</strong></span> 
     </span>
    </p>

    <p class='ocr_par' dir='ltr' id='par_1_15' title="bbox 495 3423 984 3492">
     <span class='ocr_line' id='line_1_26' title="bbox 495 3423 984 3492; baseline 0.012 -18"><span class='ocrx_word' id='word_1_145' title='bbox 495 3423 587 3486; x_wconf 80' lang='lat' dir='ltr'><strong>toute,</strong></span> <span class='ocrx_word' id='word_1_146' title='bbox 603 3427 650 3490; x_wconf 95' lang='lat' dir='ltr'><strong>qui</strong></span> <span class='ocrx_word' id='word_1_147' title='bbox 664 3432 706 3478; x_wconf 84' lang='lat' dir='ltr'><strong>est</strong></span> <span class='ocrx_word' id='word_1_148' title='bbox 719 3441 804 3492; x_wconf 86' lang='lat' dir='ltr'><strong>poree</strong></span> <span class='ocrx_word' id='word_1_149' title='bbox 819 3442 855 3479; x_wconf 92' lang='lat' dir='ltr'><strong>en</strong></span> <span class='ocrx_word' id='word_1_150' title='bbox 870 3429 984 3480; x_wconf 74' lang='lat' dir='ltr'><strong>Fraude.</strong></span> 
     </span>
    </p>

    <p class='ocr_par' dir='ltr' id='par_1_16' title="bbox 496 3501 1013 3582">
     <span class='ocr_line' id='line_1_27' title="bbox 496 3501 1013 3582; baseline 0.012 -18"><span class='ocrx_word' id='word_1_151' title='bbox 496 3513 667 3576; x_wconf 81' lang='lat' dir='ltr'><strong>Kelendrier,</strong></span> <span class='ocrx_word' id='word_1_152' title='bbox 683 3517 730 3581; x_wconf 88' lang='lat' dir='ltr'><strong>qui</strong></span> <span class='ocrx_word' id='word_1_153' title='bbox 745 3501 787 3567; x_wconf 80' lang='lat' dir='ltr'><strong>est</strong></span> <span class='ocrx_word' id='word_1_154' title='bbox 801 3517 869 3582; x_wconf 87' lang='lat' dir='ltr'><strong>drap</strong></span> <span class='ocrx_word' id='word_1_155' title='bbox 884 3519 919 3569; x_wconf 88' lang='lat' dir='ltr'><strong>de</strong></span> <span class='ocrx_word' id='word_1_156' title='bbox 935 3532 1013 3582; x_wconf 79' lang='lat' dir='ltr'><strong>soye.</strong></span> 
     </span>
    </p>

    <p class='ocr_par' dir='ltr' id='par_1_17' title="bbox 496 3602 859 3673">
     <span class='ocr_line' id='line_1_28' title="bbox 496 3602 859 3673; baseline 0.014 -21"><span class='ocrx_word' id='word_1_157' title='bbox 496 3602 559 3662; x_wconf 72' lang='lat' dir='ltr'><strong>itin,</strong></span> <span class='ocrx_word' id='word_1_158' title='bbox 571 3607 613 3654; x_wconf 85' lang='lat' dir='ltr'><strong>eet</strong></span> <span class='ocrx_word' id='word_1_159' title='bbox 626 3618 678 3669; x_wconf 82' lang='lat' dir='ltr'><strong>roy</strong></span> <span class='ocrx_word' id='word_1_160' title='bbox 693 3619 728 3655; x_wconf 89' lang='lat' dir='ltr'><strong>eu</strong></span> <span class='ocrx_word' id='word_1_161' title='bbox 743 3608 859 3673; x_wconf 80' lang='lat' dir='ltr'><strong>anglais.</strong></span> 
     </span>
    </p>

    <p class='ocr_par' dir='ltr' id='par_1_18' title="bbox 495 3691 880 3759">
     <span class='ocr_line' id='line_1_29' title="bbox 495 3691 880 3759; baseline 0.01 -17"><span class='ocrx_word' id='word_1_162' title='bbox 495 3691 666 3759; x_wconf 88' lang='lat' dir='ltr'><strong>Lardunehe,</strong></span> <span class='ocrx_word' id='word_1_163' title='bbox 680 3695 728 3759; x_wconf 90' lang='lat' dir='ltr'><strong>qui</strong></span> <span class='ocrx_word' id='word_1_164' title='bbox 743 3701 785 3746; x_wconf 85' lang='lat' dir='ltr'><strong>est</strong></span> <span class='ocrx_word' id='word_1_165' title='bbox 801 3697 880 3746; x_wconf 88' lang='lat' dir='ltr'><strong>uisel.</strong></span> 
     </span>
    </p>
   </div>
   <div class='ocr_carea' id='block_1_5' title="bbox 465 3780 1523 3921">
    <p class='ocr_par' dir='ltr' id='par_1_19' title="bbox 465 3780 1523 3921">
     <span class='ocr_line' id='line_1_30' title="bbox 495 3780 1523 3853; baseline 0.011 -22"><span class='ocrx_word' id='word_1_166' title='bbox 495 3780 627 3847; x_wconf 84' lang='lat' dir='ltr'><strong>Loutres,</strong></span> <span class='ocrx_word' id='word_1_167' title='bbox 642 3784 690 3848; x_wconf 91' lang='lat' dir='ltr'><strong>qui</strong></span> <span class='ocrx_word' id='word_1_168' title='bbox 705 3789 769 3836; x_wconf 86' lang='lat' dir='ltr'><strong>seut</strong></span> <span class='ocrx_word' id='word_1_169' title='bbox 782 3787 888 3836; x_wconf 88' lang='lat' dir='ltr'><strong>leurres</strong></span> <span class='ocrx_word' id='word_1_170' title='bbox 903 3800 938 3836; x_wconf 91' lang='lat' dir='ltr'><strong>en</strong></span> <span class='ocrx_word' id='word_1_171' title='bbox 952 3787 1163 3853; x_wconf 74' lang='lat' dir='ltr'><strong>Bourgoiugue,</strong></span> <span class='ocrx_word' id='word_1_172' title='bbox 1179 3790 1248 3842; x_wconf 87' lang='lat' dir='ltr'><strong>dent</strong></span> <span class='ocrx_word' id='word_1_173' title='bbox 1263 3805 1299 3842; x_wconf 92' lang='lat' dir='ltr'><strong>ou</strong></span> <span class='ocrx_word' id='word_1_174' title='bbox 1314 3793 1365 3842; x_wconf 83' lang='lat' dir='ltr'><strong>init</strong></span> <span class='ocrx_word' id='word_1_175' title='bbox 1379 3793 1428 3844; x_wconf 84' lang='lat' dir='ltr'><strong>dee</strong></span> <span class='ocrx_word' id='word_1_176' title='bbox 1445 3794 1523 3843; x_wconf 83' lang='lat' dir='ltr'><strong>iouu-</strong></span> 
     </span>
     <span class='ocr_line' id='line_1_31' title="bbox 465 3883 553 3921; baseline 0 -2"><span class='ocrx_word' id='word_1_177' title='bbox 465 3883 553 3921; x_wconf 85' lang='lat' dir='ltr'><strong>rurae.</strong></span> 
     </span>
    </p>
   </div>
   <div class='ocr_carea' id='block_1_6' title="bbox 497 3960 1474 4305">
    <p class='ocr_par' dir='ltr' id='par_1_20' title="bbox 497 3960 1472 4120">
     <span class='ocr_line' id='line_1_32' title="bbox 497 3960 1472 4038; baseline 0.013 -29"><span class='ocrx_word' id='word_1_178' title='bbox 497 3960 623 4022; x_wconf 83' lang='lat' dir='ltr'><strong>Pantere‚</strong></span> <span class='ocrx_word' id='word_1_179' title='bbox 639 3963 686 4027; x_wconf 90' lang='lat' dir='ltr'><strong>qui</strong></span> <span class='ocrx_word' id='word_1_180' title='bbox 701 3967 743 4014; x_wconf 88' lang='lat' dir='ltr'><strong>est</strong></span> <span class='ocrx_word' id='word_1_181' title='bbox 754 3978 812 4029; x_wconf 78' lang='lat' dir='ltr'><strong>ung</strong></span> <span class='ocrx_word' id='word_1_182' title='bbox 826 3966 879 4015; x_wconf 83' lang='lat' dir='ltr'><strong>mal</strong></span> <span class='ocrx_word' id='word_1_183' title='bbox 893 3980 947 4030; x_wconf 89' lang='lat' dir='ltr'><strong>que</strong></span> <span class='ocrx_word' id='word_1_184' title='bbox 960 3967 1001 4017; x_wconf 89' lang='lat' dir='ltr'><strong>les</strong></span> <span class='ocrx_word' id='word_1_185' title='bbox 1016 3969 1150 4031; x_wconf 79' lang='lat' dir='ltr'><strong>eyseaulx</strong></span> <span class='ocrx_word' id='word_1_186' title='bbox 1168 3969 1202 4019; x_wconf 90' lang='lat' dir='ltr'><strong>de</strong></span> <span class='ocrx_word' id='word_1_187' title='bbox 1217 3971 1294 4033; x_wconf 84' lang='lat' dir='ltr'><strong>proie</strong></span> <span class='ocrx_word' id='word_1_188' title='bbox 1309 3976 1472 4038; x_wconf 80' lang='lat' dir='ltr'><strong>prengueut.</strong></span> 
     </span>
     <span class='ocr_line' id='line_1_33' title="bbox 497 4049 1294 4120; baseline 0.016 -22"><span class='ocrx_word' id='word_1_189' title='bbox 497 4049 623 4112; x_wconf 83' lang='lat' dir='ltr'><strong>Pautere‚</strong></span> <span class='ocrx_word' id='word_1_190' title='bbox 640 4067 656 4100; x_wconf 87' lang='lat' dir='ltr'><strong>a</strong></span> <span class='ocrx_word' id='word_1_191' title='bbox 669 4053 787 4115; x_wconf 85' lang='lat' dir='ltr'><strong>prendre</strong></span> <span class='ocrx_word' id='word_1_192' title='bbox 802 4056 936 4118; x_wconf 84' lang='lat' dir='ltr'><strong>oyseaulx</strong></span> <span class='ocrx_word' id='word_1_193' title='bbox 951 4056 985 4105; x_wconf 92' lang='lat' dir='ltr'><strong>de</strong></span> <span class='ocrx_word' id='word_1_194' title='bbox 999 4060 1070 4120; x_wconf 79' lang='lat' dir='ltr'><strong>uuyt</strong></span> <span class='ocrx_word' id='word_1_195' title='bbox 1084 4071 1132 4106; x_wconf 90' lang='lat' dir='ltr'><strong>sur</strong></span> <span class='ocrx_word' id='word_1_196' title='bbox 1146 4058 1173 4107; x_wconf 89' lang='lat' dir='ltr'><strong>la</strong></span> <span class='ocrx_word' id='word_1_197' title='bbox 1184 4059 1294 4111; x_wconf 88' lang='lat' dir='ltr'><strong>riviere.</strong></span> 
     </span>
    </p>

    <p class='ocr_par' dir='ltr' id='par_1_21' title="bbox 497 4138 841 4206">
     <span class='ocr_line' id='line_1_34' title="bbox 497 4138 841 4206; baseline 0.02 -19"><span class='ocrx_word' id='word_1_198' title='bbox 497 4138 621 4202; x_wconf 78' lang='lat' dir='ltr'><strong>Rastros,</strong></span> <span class='ocrx_word' id='word_1_199' title='bbox 637 4140 841 4206; x_wconf 83' lang='lat' dir='ltr'><strong>d&#39;Ailemaigne.</strong></span> 
     </span>
    </p>

    <p class='ocr_par' dir='ltr' id='par_1_22' title="bbox 497 4227 1474 4305">
     <span class='ocr_line' id='line_1_35' title="bbox 497 4227 1474 4305; baseline 0.015 -28"><span class='ocrx_word' id='word_1_200' title='bbox 497 4227 574 4289; x_wconf 86' lang='lat' dir='ltr'><strong>Tere,</strong></span> <span class='ocrx_word' id='word_1_201' title='bbox 590 4230 637 4293; x_wconf 90' lang='lat' dir='ltr'><strong>qui</strong></span> <span class='ocrx_word' id='word_1_202' title='bbox 653 4235 695 4280; x_wconf 84' lang='lat' dir='ltr'><strong>eet</strong></span> <span class='ocrx_word' id='word_1_203' title='bbox 708 4245 765 4295; x_wconf 81' lang='lat' dir='ltr'><strong>ung</strong></span> <span class='ocrx_word' id='word_1_204' title='bbox 779 4233 957 4296; x_wconf 82' lang='lat' dir='ltr'><strong>eiugnement</strong></span> <span class='ocrx_word' id='word_1_205' title='bbox 969 4235 1032 4283; x_wconf 88' lang='lat' dir='ltr'><strong>noir</strong></span> <span class='ocrx_word' id='word_1_206' title='bbox 1047 4249 1063 4285; x_wconf 89' lang='lat' dir='ltr'><strong>a</strong></span> <span class='ocrx_word' id='word_1_207' title='bbox 1077 4235 1174 4286; x_wconf 89' lang='lat' dir='ltr'><strong>oindre</strong></span> <span class='ocrx_word' id='word_1_208' title='bbox 1189 4237 1281 4288; x_wconf 84' lang='lat' dir='ltr'><strong>brebie</strong></span> <span class='ocrx_word' id='word_1_209' title='bbox 1295 4252 1474 4305; x_wconf 80' lang='lat' dir='ltr'><strong>rungneuses.</strong></span> 
     </span>
    </p>
   </div>
   <div class='ocr_carea' id='block_1_7' title="bbox 497 4316 927 4458">
    <p class='ocr_par' dir='ltr' id='par_1_23' title="bbox 497 4316 927 4458">
     <span class='ocr_line' id='line_1_36' title="bbox 498 4316 927 4385; baseline 0.016 -19"><span class='ocrx_word' id='word_1_210' title='bbox 498 4316 585 4368; x_wconf 88' lang='lat' dir='ltr'><strong>Teute</strong></span> <span class='ocrx_word' id='word_1_211' title='bbox 601 4321 701 4383; x_wconf 88' lang='lat' dir='ltr'><strong>bonne,</strong></span> <span class='ocrx_word' id='word_1_212' title='bbox 716 4322 763 4385; x_wconf 91' lang='lat' dir='ltr'><strong>qui</strong></span> <span class='ocrx_word' id='word_1_213' title='bbox 778 4327 820 4372; x_wconf 84' lang='lat' dir='ltr'><strong>est</strong></span> <span class='ocrx_word' id='word_1_214' title='bbox 834 4323 927 4375; x_wconf 90' lang='lat' dir='ltr'><strong>herbe.</strong></span> 
     </span>
     <span class='ocr_line' id='line_1_37' title="bbox 497 4407 556 4458; baseline -0.017 0"><span class='ocrx_word' id='word_1_215' title='bbox 497 4407 556 4458; x_wconf 80' lang='lat' dir='ltr'><strong>Ete.</strong></span> 
     </span>
    </p>
   </div>
   <div class='ocr_carea' id='block_1_8' title="bbox 0 0 1806 5286">
    <p class='ocr_par' dir='ltr' id='par_1_24' title="bbox 0 0 1806 5286">
     <span class='ocr_line' id='line_1_38' title="bbox 0 0 1806 5286; baseline 0 0"><span class='ocrx_word' id='word_1_216' title='bbox 0 0 1806 5286; x_wconf 95' lang='lat' dir='ltr'><strong> </strong></span> 
     </span>
    </p>
   </div>
  </div>
 </body>
</html>
