3584 5286
726 697 764 706 -.
786 659 879 722 35-

328 798 462 872 Baliete
495 796 691 889 tergemina
731 797 766 890 (a
799 797 885 867 trois
918 795 1105 891 marteres)
1134 798 1263 872 dieitur
1294 818 1337 872 ee

278 942 370 1015 quae
399 943 510 996 sensu
541 924 610 996 sihi
647 941 718 993 non
748 929 898 1004 constat,
934 929 1039 1014 prout
1071 923 1170 1013 prius
1198 931 1335 996 tentum

279 1049 452 1140 cujusque
472 1066 594 1120 versus
614 1047 879 1120 hemistichium
907 1049 1053 1139 legitur,
1083 1056 1144 1121 ant
1162 1050 1334 1131 aiterum,

278 1179 340 1245 aut
374 1179 469 1244 totns
505 1191 640 1246 versut.
674 1173 883 1265 Exemplum
918 1173 1010 1245 Petri
1044 1172 1087 1245 de
1118 1173 1336 1266 compendio

279 1296 428 1369 relatum
444 1293 522 1390 est(
549 1293 574 1392 ).

326 1421 441 1493 Stulta
457 1421 573 1494 centio
589 1422 733 1495 Weiteri
753 1421 838 1496 dicti
857 1425 1032 1515 itaqueau
1048 1424 1243 1497 Duaeensis
1264 1431 1331 1504 est,

279 1546 518 1639 rhythmeque
538 1552 572 1618 et
591 1547 848 1638 propemodum
870 1568 979 1622 sensu
999 1557 1095 1622 earet
1111 1546 1172 1644 (t).

329 1673 491 1748 Codieem
508 1674 664 1765 denique
680 1674 859 1765 complent
877 1675 943 1747 tria
962 1682 1137 1766 poemata,
1157 1674 1242 1748 oiim
1261 1693 1337 1767 per-

280 1801 526 1896 vagatissima‚
561 1799 723 1898 videlieet
755 1799 847 1872 iliud
877 1801 1053 1874 Iohannis
1091 1800 1247 1891 Chapuis
1281 1799 1337 1870 eui

281 1925 373 1998 timii
393 1925 498 1997 modo
518 1924 588 1994 Des
610 1921 685 1993 VII
700 1923 839 1996 articles
855 1924 899 1997 de
917 1924 952 1995 la
974 1925 1056 2009 rior,
1077 1926 1183 1999 mede
1203 1925 1255 1997 Le
1273 1922 1336 1996 Li·

279 2047 402 2121 erede
422 2047 572 2131 Primii,
592 2050 645 2123 rel
658 2051 719 2122 aiii
736 2051 842 2122 etiam
859 2052 1126 2130 inscribuntur:
1150 2048 1339 2122 Codicilius

279 2174 530 2247 leharrnis‘de
567 2175 671 2247 Meun
708 2183 743 2247 et
774 2173 962 2268 Hospitate
993 2175 1161 2263 Amoris,
1197 2181 1338 2246 auctore

281 2300 395 2373 Aiane
412 2299 556 2391 Auriga.

310 2555 343 2618 (1)
406 2554 476 2604 Bien
491 2555 663 2618 doitnment
820 2555 867 2617 qui
882 2557 949 2604 vuet
963 2554 1083 2604 Amours
1098 2554 1195 2613 servir,

402 2643 615 2709 Joyeusement,
817 2657 867 2708 per
881 2644 1002 2693 meniere
1017 2644 1170 2706 ordonnee,

403 2737 448 2784 Au
462 2739 550 2798 temps
566 2735 693 2798 pleisant,
819 2735 896 2785 avoir
909 2735 990 2783 doulz
1003 2734 1144 2794 sennenn,

403 2823 480 2888 vray
494 2828 656 2885 sentement,
814 2824 873 2872 iant
885 2823 950 2887 qu’il
966 2822 1014 2883 ait,
1029 2822 1095 2872 c’est
1108 2822 1236 2883 l’entree,

402 2912 486 2962 Tenir
500 2926 601 2978 en.roy
818 2914 941 2977 largesce
956 2918 983 2962 et
998 2911 1179 2962 eeurtoisie...

311 3002 349 3066 ti)
439 3002 505 3052 S'on
518 3016 554 3052 ne
568 3017 611 3053 me
626 3007 693 3068 puet
707 3016 744 3053 eu
759 3003 793 3053 de
808 3004 882 3053 teille
897 3018 934 3053 ou
949 3003 1051 3052 d'estee

435 3091 532 3146 liettre
546 3106 561 3142 e
575 3093 645 3142 exsil
659 3097 719 3142 tout
734 3091 814 3156 ainsy
829 3094 944 3146 etireux.

434 3181 469 3230 J'e
481 3181 541 3234 sniz
556 3181 703 3243 d'emours,
719 3195 779 3232 eom
794 3181 863 3230 chilz
879 3181 972 3244 quise
989 3183 1066 3243 peste
1082 3195 1097 3228 a

433 3270 522 3321 Toute
535 3271 647 3336 postris,
660 3274 687 3320 et
701 3271 765 3334 puiz
780 3271 803 3320 si
819 3271 892 3319 chiet
906 3271 935 3333 ly
951 3271 1037 3332 fours,

435 3359 489 3411 Gar
501 3361 601 3424 j'aime,
615 3365 642 3410 et
654 3360 733 3424 point
743 3361 770 3423 je
785 3373 820 3409 ne
834 3359 871 3423 l'y
885 3360 949 3422 puiz
965 3360 1046 3422 celer,

434 3447 562 3502 (theseun
576 3451 602 3500 le
616 3454 674 3500 scet
689 3464 723 3500 en
736 3453 870 3500 trestoute
885 3461 921 3498 no
937 3462 986 3498 rue
998 3461 1004 3508 ;

435 3537 473 3590 Or
489 3544 616 3590 eecoutez
628 3541 653 3589 le
668 3544 747 3603 grant
761 3541 811 3588 etir
828 3539 862 3587 de
876 3552 922 3601 my
936 3552 941 3586 :

434 3627 542 3680 Devent
559 3643 588 3678 er
602 3629 668 3692 seir,
684 3643 728 3678 me
742 3628 820 3677 deme
835 3627 898 3690 eley
911 3626 998 3686 venir,

434 3717 504 3768 Meiz
518 3718 595 3768 aussi
609 3722 665 3769 test
680 3717 777 3780 qu'elle
792 3729 835 3765 me
849 3716 904 3765 vist
916 3715 1003 3776 venir,

435 3807 492 3860 mre
507 3822 550 3859 me
565 3809 619 3859 dist
635 3822 641 3858 :
657 3812 797 3870 retourne,
815 3821 849 3857 ra
863 3809 891 3855 te
906 3805 999 3856 voie...
