3552 5282
739 631 779 674 -'.
799 631 837 692 85
859 663 896 676 ..

335 766 519 856 Permagni
543 766 634 838 hanc
661 765 976 857 praescriptionem
998 768 1148 858 scriptor
1169 753 1349 840 existimat

285 891 502 981 saepiusque
521 891 566 962 ad
587 909 664 962 earu
686 890 723 961 iu
746 891 883 981 reliquo
904 893 995 963 lihro
1015 893 1119 964 redit.

336 1017 382 1086 De
399 1015 646 1106 rhythmorum
664 1013 780 1084 modis
797 1015 920 1105 galiice
934 1014 1067 1094 scama,
1085 1014 1234 1107 captain,
1256 1015 1349 1083 arture
1463 1083 1467 1092 ,

286 1138 417 1221 brisce,
439 1137 581 1208 hottor'u
604 1139 726 1220 dictis,
749 1139 872 1212 eadem
899 1159 939 1210 ac
959 1141 1183 1225 itioiiuettm,
1204 1141 1349 1212 mutatis

284 1269 423 1336 tautum
463 1265 656 1354 exemplis,
690 1263 789 1334 dicit.
823 1264 885 1334 His
924 1265 1120 1336 carminum
1159 1264 1349 1354 generibus

284 1384 355 1457 alia
373 1387 487 1468 addit,
510 1388 554 1460 de
574 1386 707 1478 quihus
729 1385 820 1459 nihil
840 1389 1045 1461 Molinettus
1065 1388 1228 1479 scripsit,
1251 1389 1347 1460 vide·

286 1511 393 1583 licet:
576 1591 577 1594 Ἴ

334 1637 484 1708 Carmen
505 1639 606 1727 cujus
627 1657 794 1729 quaeque
814 1639 961 1727 stropha
981 1657 1023 1710 ex
1045 1655 1170 1709 uorem
1187 1637 1350 1718 versibus

285 1769 436 1840 constat,
456 1762 517 1851 qui
539 1755 590 1832 sic
608 1761 823 1833 ordinantur
841 1785 849 1832 :
864 1759 1068 1842 occaecato,
1091 1781 1154 1833 sen
1175 1781 1183 1826 :
1205 1759 1352 1830 odobdcc

284 1885 346 1954 dd.
369 1885 523 1958 Uitirnns
544 1887 651 1976 hujus
672 1886 881 1977 posterioris
901 1887 1093 1958 schematis
1119 1885 1242 1957 versus
1267 1904 1348 1975 pro·
1419 1883 1421 1890 ⁴

287 2011 445 2083 corbium
467 2019 534 2084 cst.
1153 2091 1155 2094 ,
1307 1991 1312 1999 ’

336 2136 466 2206 Poema
524 2135 625 2224 cnjus
682 2134 850 2224 strophae
899 2153 942 2206 ex
994 2134 1137 2206 decenis
1189 2134 1352 2206 versibus

286 2258 508 2340 efficiuntur,
556 2258 725 2349 quodque
769 2256 893 2334 dr‘zoto
937 2258 1079 2330 dicitnr.
1121 2259 1235 2361 Hujus
1280 2259 1352 2330 duo

287 2390 372 2455 suut
399 2384 597 2464 schemata,
627 2382 789 2454 scilicet:
815 2380 1039 2454 odooddccdct
1062 2389 1096 2454 et
1121 2379 1350 2453 odobbccdcd.

288 2506 408 2578 Priore
435 2507 547 2597 figura
573 2507 753 2578 Crettiuus
780 2487 926 2579 'neniam
951 2507 995 2578 de
1018 2513 1130 2578 morte
1157 2506 1352 2578 Witiheimi

288 2631 332 2704 de
359 2631 513 2723 Bissipat
542 2630 665 2713 tinxit,
693 2632 804 2704 attera
828 2633 1011 2704 lohannes
1034 2633 1145 2722 Major
1175 2632 1352 2722 duplicem

288 2756 470 2828 ballatam.

339 2882 553 2972 strophaea
576 2880 730 2953 undenis
751 2882 914 2952 versibus
934 2883 1146 2972 pierumque
1161 2886 1355 2970 usurpatur

289 3007 333 3078 ad
353 3007 504 3078 haiiatas
525 3014 559 3078 et
584 3013 710 3077 cautus
739 3007 873 3096 regales
898 3024 1049 3096 quornm
1078 3025 1200 3077 versus
1227 3004 1355 3095 repeti·

291 3138 348 3202 tus
370 3129 532 3202 undecim
555 3130 712 3222 syllabas
732 3130 854 3203 hahet.

340 3255 591 3327 Duodenornm
613 3274 780 3327 versuum
804 3254 983 3348 (donzeio)
1005 3258 1116 3346 legem
1136 3276 1156 3327 a
1173 3255 1355 3328 Moiinetto

291 3378 412 3450 datam
440 3379 638 3470 disciputus
666 3387 804 3462 servat;
830 3380 1002 3470 additque
1028 3379 1134 3451 eiiam
1163 3378 1355 3470 qnamdam

292 3521 370 3574 esse
390 3505 588 3594 stropham,
610 3505 826 3597 puotorzot'a
846 3504 989 3588 dictam,
1009 3524 1148 3597 gravem
1170 3510 1204 3576 et
1222 3503 1356 3594 ponde-

294 3646 407 3698 rosaru
434 3629 588 3719 ideoque
608 3630 653 3701 ad
673 3631 843 3701 historias
862 3638 895 3702 et
920 3629 1192 3701 tamentationes
1216 3635 1355 3717 aptam;

292 3769 332 3822 cx
351 3771 422 3842 qua
437 3755 619 3825 iohannes
638 3757 749 3845 Major
764 3752 958 3825 Plouctom
973 3752 1174 3822 Desiderari
1187 3750 1254 3844 (Lo
1268 3772 1358 3820 couc-

290 3875 420 3967 plor'ute
438 3877 487 3946 du
507 3876 648 3970 Desird)
672 3877 791 3949 fiuxit.

343 4002 542 4093 Rhythmus
559 4004 721 4074 tertiatus
741 4000 901 4096 (tc‘crcet),
915 4003 959 4074 de
974 4021 1058 4091 quo,
1072 4001 1117 4072 ah
1135 4001 1263 4073 italicis
1280 4018 1358 4089 par·

295 4123 391 4194 tibus
411 4125 579 4206 oriundo,
595 4145 640 4197 ne
662 4126 810 4197 minima
830 4126 975 4216 quidem
993 4127 1127 4196 mentio
1145 4126 1182 4195 in
1203 4123 1361 4214 superio·

297 4248 396 4320 ribus
417 4249 613 4321 rhetoricae
639 4251 785 4341 gallicae
807 4251 951 4322 Artibus
971 4251 1169 4329 invenitur,
1191 4250 1238 4320 ita
1261 4265 1357 4318 coru-

298 4373 487 4444 mundatur
509 4399 517 4444 :
547 4401 561 4436 r
583 4375 691 4446 hutre
712 4374 809 4446 taiiie
829 4381 863 4447 et
888 4374 989 4462 iacon
1009 4373 1053 4446 dc
1079 4391 1176 4466 ryme
1196 4388 1360 4457 nommec
