3584 5286
748 577 909 642 ..13-

296 717 448 800 versari,
475 721 646 799 otmunt,
670 717 824 790 narratae
851 717 978 798 instar,
1011 717 1175 790 versibus
1201 713 1361 808 reperitis

296 842 378 924 frui,
404 861 483 912 cum
502 840 609 913 iidem
631 840 727 932 apud
748 842 883 931 priores
904 842 1052 913 omnino
1068 841 1272 915 detinerent.
1291 843 1362 914 Cur

296 976 413 1040 autem
435 969 480 1040 do
499 969 719 1039 servantasio
738 968 842 1058 plura
864 987 935 1039 non
952 967 1095 1050 dixerit,
1118 969 1243 1039 miram
1259 987 1361 1040 excu-

296 1092 471 1164 sationem
491 1093 612 1164 attulit
630 1093 872 1164 Eustachius:
897 1119 912 1156 r
1016 1111 1107 1183 pour
1127 1111 1165 1165 ce
1185 1112 1255 1184 que
1275 1095 1362 1166 c’est

296 1235 448 1308 ouvrage
464 1217 525 1306 qui
545 1234 583 1287 se
603 1223 702 1306 porte
723 1201 769 1287 au
789 1217 871 1307 puis
891 1216 1082 1288 d’iimours
1099 1225 1132 1288 et
1148 1235 1218 1306 que
1234 1217 1360 1289 nobles

296 1341 458 1413 hommes
489 1342 590 1412 n’ont
623 1359 685 1431 pas
713 1341 921 1412 acoustumd
947 1341 991 1413 de
1016 1359 1054 1413 ce
1081 1341 1181 1413 taire.
1209 1368 1224 1405 t
1258 1341 1361 1414 Unde

296 1465 524 1537 manifestum
556 1472 610 1536 est
636 1466 773 1555 poetica
801 1465 969 1546 consitio,
997 1466 1099 1556 vulgo
1126 1465 1356 1556 pompedium,

296 1588 484 1680 praecipue
503 1608 524 1659 a
543 1589 692 1679 piebejis
709 1589 908 1679 ceterisque
928 1589 1024 1660 haud
1042 1589 1154 1661 nobili
1172 1590 1248 1660 loco
1264 1591 1358 1661 natis

294 1711 406 1786 fuisse
432 1713 627 1794 celebrata;
657 1723 840 1805 praeterea
864 1714 970 1785 nohis
998 1713 1034 1783 in
1058 1721 1212 1789 mentem
1232 1713 1359 1785 subeat

294 1838 534 1930 potentissimi
563 1839 748 1929 cujusdam
777 1840 959 1929 optimatis
983 1839 1132 1930 imperio
1158 1839 1289 1911 librum
1314 1839 1359 1910 ab

294 1963 484 2035 Eustochio
500 1965 670 2054 scriptum
692 1984 770 2038 esse
789 1961 853 2056 (t).

343 2089 521 2160 Carminis
541 2096 658 2160 autem
685 2087 814 2158 otrelotr'
840 2089 921 2160 dicti
952 2089 1090 2179 iegibus
1111 2089 1301 2178 expositis
1325 2097 1359 2162 et

293 2213 400 2284 trium
418 2215 511 2285 inter
529 2232 567 2285 se
582 2214 813 2285 dissimiiium
830 2215 1072 2304 exemplorum
1093 2213 1227 2284 auxilio
1246 2213 1356 2304 expli·

292 2339 397 2416 catis,
423 2336 469 2408 ad
496 2337 696 2409 rondellum
727 2337 888 2431 accedit3
913 2338 960 2433 de,
985 2357 1055 2426 quo
1082 2338 1173 2407 nihil
1202 2339 1357 2428 amptius

292 2463 362 2533 nisi
385 2462 481 2552 quod
501 2463 697 2553 specimina
719 2463 893 2553 simplicis
917 2462 1067 2534 rondeiii
1083 2461 1179 2543 duo,
1204 2461 1356 2552 duplicis

291 2606 403 2658 unum
423 2587 529 2658 modo
551 2588 714 2679 producit
736 2587 746 2681 (
772 2586 800 2680 1.

309 2742 311 2748 v
339 2714 389 2784 Ne
408 2713 566 2795 libellus,
589 2715 721 2804 inquit,
744 2721 842 2786 extra
862 2713 1006 2784 modurn
1031 2720 1186 2804 turgeat,
1209 2713 1252 2786 de
1274 2733 1355 2804 pas·
1404 2733 1406 2740 ’

291 2838 464 2909 toraiibus
483 2836 733 2934 spostooredes)
749 2845 783 2911 et
800 2839 844 2910 de
860 2839 978 2911 stultis
1000 2839 1227 2910 cantionibus
1248 2837 1356 2931 (sottes

290 2958 470 3054 ctoosons)
509 2981 547 3034 se
582 2965 769 3034 taciturum
804 2961 1010 3043 denuntiat,
1042 2963 1174 3052 quihus
1209 2964 1354 3053 quidem

321 3201 353 3266 (1)
371 3202 536 3251 Eustachius
555 3202 589 3251 de
607 3201 734 3265 Campis,
750 3204 797 3265 qui
817 3217 851 3252 ex
866 3204 984 3254 honesto
1001 3217 1101 3268 genere
1116 3208 1194 3253 ortus
1210 3207 1281 3262 erat,
1296 3217 1355 3253 ser-

289 3291 430 3342 vantasios
451 3305 508 3341 non
531 3292 676 3354 scripsisse
699 3292 826 3354 videtur,
847 3306 909 3341 cum
933 3295 1039 3342 nullum
1063 3293 1221 3355 hujusmodi
1245 3305 1355 3341 carmen

289 3381 362 3445 apud
379 3381 494 3429 collecta
506 3383 566 3443 ejus
579 3394 663 3443 opera
675 3381 842 3431 inveniatur.

321 3469 354 3533 (1)
371 3469 510 3532 Simplicis
526 3469 659 3530 rondelli‚
678 3470 723 3519 cui
738 3474 836 3533 postea
854 3484 955 3519 nomen
972 3473 1078 3532 trtolet,
1095 3471 1148 3520 hoe
1161 3474 1203 3520 est
1222 3469 1353 3519 schema:

613 3584 1027 3649 1a2b13a1a14a5biia2b.

319 3672 443 3736 Duplicis
458 3687 525 3724 vero
539 3688 544 3722 :

427 3792 455 3842 ia
472 3793 504 3842 ‘ib
520 3793 551 3843 aa
565 3793 596 3842 11)
611 3795 615 3855 Ι
630 3795 661 3844 51)
676 3794 708 3844 61)
722 3793 752 3844 ia
766 3793 798 3842 11)
813 3795 817 3856 Ι
831 3795 863 3843 ia
879 3794 910 3842 81)
926 3795 957 3844 91
974 3793 1019 3844 too
1037 3792 1113 3842 11121
1129 3794 1160 3842 31)
1176 3793 1216 3842 io.

318 3911 381 3960 Alia
394 3912 509 3973 hujusce
524 3912 653 3960 carminis
669 3913 757 3974 figura
772 3913 844 3960 inter
858 3913 973 3961 collecta
987 3910 1129 3960 Eustachii
1145 3925 1229 3973 opera
1244 3911 1353 3960 inveni-

287 4003 341 4059 tur,
357 4000 391 4048 de
406 4000 504 4062 quain
518 4005 584 4048 Arte
599 4003 728 4049 dictandi
743 4001 819 4048 nulla
832 4001 862 4048 fit
877 4000 990 4061 menti0,
1004 4014 1084 4061 quam
1101 4000 1211 4062 quidem
1227 4000 1356 4062 figurem,

287 4102 349 4137 cum
364 4089 454 4151 quarti
470 4089 569 4137 decimi
584 4090 686 4138 saeculi
703 4089 851 4152 peculiaris
872 4089 920 4149 sit,
939 4089 1134 4150 rarissimeque
1153 4091 1251 4150 postea
1269 4101 1353 4136 usur·
1467 4137 1471 4144 ,

287 4182 366 4240 pata,
382 4180 531 4241 scriptores
549 4179 658 4228 Artium
675 4180 747 4228 inira
762 4179 962 4240 descriptarum
982 4176 1092 4225 silentio
1108 4176 1352 4239 praetermiserunt

239 4322 242 4328 ,
289 4265 340 4327 (Gi.
357 4251 394 4318 GJ
408 4267 560 4330 Raynaud,
576 4271 730 4317 Roodeaux
746 4273 771 4316 et
787 4271 881 4316 autres
896 4267 1005 4326 poesies
1020 4269 1060 4315 du
1076 4268 1235 4326 puinztdme
1252 4267 1351 4325 siecle,

287 4369 314 4422 p.
329 4367 427 4406 xxxix.
444 4382 474 4392 -
491 4355 600 4406 Socidte
616 4356 665 4406 des
680 4357 793 4406 enciens
808 4359 898 4406 textos
912 4354 1051 4418 franceis).
