3552 5282
718 615 896 680 -tt3-

276 766 311 832 at
337 759 375 830 in
399 753 531 832 ceteras
557 757 718 849 regiones
740 757 845 828 simut
878 775 917 828 ac
946 756 1039 828 tama
1066 764 1249 847 poetarum
1276 756 1339 848 qui

276 883 396 975 palma
414 882 536 955 donati
557 889 659 954 erant
680 882 848 953 manarit.

327 1008 394 1093 Qui
413 1008 450 1079 in
472 1009 529 1080 his
550 1008 709 1079 conciliis
730 1007 913 1079 certabant
932 1001 1261 1098 poernatareoitare
1282 1007 1341 1080 de·

277 1121 411 1204 bebant
428 1157 437 1204 ε
455 1133 588 1205 scimus
606 1140 724 1204 autem
740 1133 866 1223 quanti
887 1132 923 1202 in
941 1131 1145 1226 istiusmodi
1166 1132 1341 1204 recitatio·

278 1257 387 1330 nibus
407 1258 520 1330 valeat
541 1258 726 1331 verborum
747 1257 983 1329 concinnitas.
1007 1256 1106 1328 noue
1126 1257 1236 1347 quod,
1259 1276 1342 1348 prae

277 1382 508 1456 multitudine
540 1384 737 1455 carminum
772 1382 817 1454 ad
848 1383 1042 1454 certamina
1071 1367 1360 1472 susceptorum,'
1394 1437 1397 1442 .

276 1507 397 1580 brevia
416 1508 679 1609 tantummodo,
696 1515 735 1579 ut
754 1514 879 1580 cantus
901 1508 1048 1598 regales,
1068 1506 1235 1586 balistae,
1255 1525 1341 1577 run-

279 1632 384 1720 oetn,
413 1635 645 1716 serrantasii,
669 1633 865 1725 pastorales
899 1651 963 1704 seu
990 1633 1060 1704 alia
1092 1631 1342 1721 hujuscemodi

280 1759 418 1832 recitari
439 1767 616 1850 poterant.

328 1885 473 1958 Materia
494 1885 600 1957 etiam
621 1884 771 1956 istorum
792 1883 990 1956 carminum
1011 1883 1134 1956 eadem
1158 1881 1230 1953 iere
1249 1900 1342 1954 sem·

279 2027 342 2102 per
359 2017 453 2094 erat;
480 2010 615 2082 scilicet
642 2007 767 2081 laudes
798 2010 924 2081 Beatae
940 2009 1093 2102 itariae.
1111 2009 1197 2114 vHuc
1224 2013 1342 2079 autern

280 2141 527 2226 argumentum
545 2134 757 2225 iamdudum
778 2135 969 2206 contritum
991 2152 1062 2204 non
1084 2133 1155 2204 nisi
1176 2131 1344 2204 eiiusiore

281 2279 448 2333 versuum
468 2261 564 2332 cuitu
585 2261 707 2332 novari
726 2267 875 2351 poterat.

330 2387 370 2457 ln
400 2387 466 2458 hac
492 2385 627 2458 Galliae
654 2391 753 2475 parte
784 2403 876 2475 quae
900 2384 1112 2466 Picardiam,
1148 2384 1341 2464 artesium,

281 2510 467 2583 Flandrias
491 2511 820 2600 Normanniarnque
845 2508 1111 2600 complectitur,
1139 2508 1206 2580 sub
1236 2508 1343 2580 finern

281 2637 413 2709 saecuti
444 2635 718 2727 quartidecimi
749 2643 784 2708 et
815 2635 1024 2726 praesertim
1053 2634 1344 2724 quintodecimo

281 2764 444 2844 saecuto,
476 2761 576 2834 nnita
612 2762 684 2834 iere
720 2768 795 2833 erat
817 2761 915 2865 ¹turbs
952 2778 1043 2850 quac
1081 2759 1219 2850 poetica
1258 2777 1343 2830 con·

281 2887 362 2958 cilia
398 2888 529 2961 annuis
569 2887 706 2959 vicibus
746 2904 817 2958 non
858 2885 1064 2958 celebraret.
1110 2886 1201 2956 Haec
1238 2883 1346 2974 igitur

283 3013 393 3084 mutto
423 3014 526 3104 plura
550 3020 651 3084 erant
675 3030 781 3102 quam
809 3019 849 3083 ut
878 3010 1071 3099 unicuique
1096 3027 1218 3080 corurn
1240 3026 1341 3098 prae·

281 3145 402 3210 assent
421 3137 635 3230 praestantis
656 3136 788 3228 ingenii
808 3135 960 3226 judices,
978 3135 1110 3207 nedum
1130 3134 1189 3205 isti
1209 3133 1345 3224 poesim

282 3264 327 3336 ad
361 3271 492 3337 rectum
526 3263 593 3334 iter
624 3279 786 3334 revocare
822 3267 982 3351 possent.
1018 3261 1090 3350 Ipsi
1124 3266 1246 3330 contra
1283 3257 1345 3347 qui

283 3390 421 3480 palmas
459 3388 596 3461 dudum
631 3388 669 3458 in
708 3387 787 3458 istis
825 3385 1079 3457 certaminibus
1116 3389 1344 3474 acceperant,

253 3521 318 3586 et
340 3533 381 3587 ex
401 3515 523 3604 aliquo
545 3512 707 3586 rondetio
728 3511 898 3604 gemello,
922 3528 984 3582 sen
1008 3509 1139 3580 battata
1165 3507 1348 3580 saltatoria

285 3640 336 3712 vei
374 3639 589 3731 retrogradis
622 3637 784 3710 versibus
814 3637 943 3707 iarnarn
973 3640 1180 3725 coeperant,
1203 3650 1347 3703 normas

282 3765 475 3837 tuebantur
494 3764 547 3836 ret
568 3763 767 3854 argutiores
789 3761 896 3833 etiarn
919 3759 1135 3831 efficiebant.
1356 3839 1359 3844 A

252 3951 256 3958 .
332 3889 513 3962 Batdettus
536 3886 745 3990 Heronc,·ut
768 3888 841 3977 jam
870 3885 967 3964 dixi,
990 3883 1122 3975 figuras
1148 3882 1345 3953 carminum

273 4013 405 4088 ‘retulit
431 4015 587 4105 quaein
615 4010 832 4103 quibusdam
861 4029 901 4082 er
930 4009 1092 4080 conciliis
1116 4007 1196 4079 istis
1225 4007 1349 4077 recita-

283 4140 439 4220 bantur;
465 4140 553 4210 haec
579 4118 695 4210 sunt:
719 4138 756 4207 in
778 4136 901 4207 Insula
920 4133 1127 4214 Fiandriae,
1150 4131 1208 4204 die
1234 4129 1348 4201 domi-

286 4265 365 4336 nica
382 4270 465 4335 ante
476 4263 783 4352 assumptionem,
798 4259 1039 4332 servantasius
1053 4260 1090 4328 in
1102 4259 1273 4328 honorem
1293 4255 1350 4326 tis·

286 4389 503 4482 sumptionis
522 4389 649 4460 Beatac
672 4384 803 4460 Mariae
823 4394 857 4458 et
884 4383 1065 4456 Passionis
1084 4384 1167 4454 iesu
1188 4379 1319 4451 Christi
1338 4401 1347 4460 ;
