3552 5282
877 633 1036 692 -78..

476 767 545 841 Sed
565 769 814 859 minimeopns
827 777 881 841 cst
897 771 1037 859 longius
1059 768 1484 857 monstrarcqoibusnam

427 889 625 965 Fabercnm
639 894 883 984 superioribus
896 893 1308 983 congruatqnibusnam
1320 892 1487 964 abiisab·

346 1052 350 1057 ·
428 1019 493 1097 sit:
508 1019 575 1090 boo
589 1027 724 1091 tanturn
742 1018 829 1089 mihi
847 1017 1201 1090 animadvertendum
1220 1018 1358 1090 ridetur
1370 1035 1487 1089 errare

426 1143 585 1234 Zschaiig
605 1162 682 1214 cnm
700 1127 867 1214 illnmiis
887 1142 1014 1215 ordine
1034 1151 1068 1214 et
1084 1143 1220 1214 ratione
1240 1145 1349 1214 totius
1369 1143 1486 1232 operis

427 1268 539 1339 m'nlto
553 1276 731 1362 praestare
746 1269 886 1339 asserit.
901 1266 995 1338 Nulli
1009 1268 1104 1339 enim
1119 1266 1268 1339 dubium
1283 1285 1361 1340 esse
1373 1273 1488 1357 potest

429 1394 516 1483 quin
537 1391 750 1484 prudentius
768 1394 805 1462 in
827 1393 987 1484 singulas
1008 1400 1125 1483 partes
1144 1393 1379 1465 distribuatur
1399 1391 1489 1463 liber

429 1518 654 1590 infortunati.
669 1517 761 1604 Quid
773 1525 889 1589 antem
905 1517 949 1589 de
961 1518 1024 1588 illa
1039 1517 1342 1608 congratulatione
1357 1515 1485 1596 dicam,

431 1663 537 1734 quam
558 1644 671 1716 Fabro
693 1644 801 1716 babet
819 1644 991 1735 Zscbalig,
1021 1651 1191 1734 tanquam
1221 1643 1425 1716 doctissime
1445 1639 1488 1712 de
1598 1667 1601 1673 ·

430 1788 597 1842 caesurae
612 1771 811 1862 praeceptis
827 1770 960 1862 agenti,
979 1789 1057 1842 cnm
1075 1771 1197 1841 omnia
1216 1769 1259 1842 dc
1278 1770 1347 1842 boc
1362 1769 1408 1840 ab
1428 1768 1489 1840 illo

430 1895 524 1967 diota
543 1895 666 1966 inania
686 1895 759 1967 sint
781 1896 833 1967 vel
853 1893 1075 1968 deridenda?

478 2019 575 2092 Nibil
597 2038 748 2111 usquam
768 2020 865 2112 apud
891 2021 1153 2093 iniortunatnm
1182 2028 1243 2092 ant
1268 2020 1488 2092 Molinettnm

432 2143 477 2217 de
497 2164 644 2218 caesura
664 2145 839 2236 legimus3
866 2145 954 2236 qnid
974 2153 1092 2218 autom
1112 2145 1156 2217 de
1179 2164 1220 2217 ca
1238 2144 1419 2236 scripserit
1437 2144 1490 2214 la-

431 2269 543 2342 cobus
562 2271 711 2361 Magnus
725 2271 798 2360 iam
820 2271 1109 2342 memoravimus.
1127 2272 1154 2341 E
1174 2270 1277 2341 Fabri
1298 2268 1488 2346 sententia,

431 2393 468 2464 in
487 2395 655 2466 omnibus
676 2395 858 2474 uorsibus,
884 2403 1060 2486 quotquot
1084 2413 1102 2466 c
1122 2393 1367 2485 compluribus
1388 2393 1493 2484 sylla-

431 2519 487 2591 bis
508 2527 686 2601 constant,
708 2539 853 2591 caesura
878 2539 956 2592 esse
977 2520 1101 2604 debct;
1125 2539 1166 2591 cx
1184 2538 1254 2610 qno
1275 2517 1437 2591 concludi
1452 2517 1491 2587 li-

432 2651 487 2716 cet
504 2661 581 2716 cam
602 2644 638 2714 in
660 2645 716 2715 bis
737 2645 840 2716 etiam
863 2646 1024 2717 versibus
1042 2645 1278 2718 necessariam
1294 2661 1373 2715 esse
1392 2642 1453 2732 qui
1473 2660 1492 2713 e

431 2768 564 2849 tribus,
587 2774 767 2858 quattuor,
791 2768 969 2859 quinque,
992 2788 1073 2849 sex,
1095 2775 1228 2860 septem
1251 2767 1399 2858 syllabis
1415 2763 1489 2837 effi·

433 2893 586 2964 ciuntur.
606 2896 717 2964 Locus
735 2901 851 2966 antem
869 2894 952 2966 huic
969 2896 1139 2974 incertus,
1157 2901 1197 2966 nt
1214 2911 1305 2984 quae
1322 2892 1493 2965 exsistere

432 3019 547 3108 possit
566 3025 647 3108 post
666 3019 818 3109 primam
839 3019 1012 3109 syllabam
1037 3043 1044 3090 :

613 3191 701 3264 Paixl
710 3201 844 3248 escontez
860 3209 915 3263 que
926 3195 958 3262 je
974 3193 1051 3248 vneii
1066 3193 1136 3248 dire.

433 3354 515 3438 post
535 3348 727 3420 secundam
752 3374 760 3420 :

613 3524 721 3580 Pensez
734 3524 748 3594 l
757 3541 814 3594 que
830 3525 938 3580 mour-ir
955 3541 1028 3580 unns
1045 3525 1190 3580 convient.

438 3689 517 3771 post
536 3681 674 3753 tertiam
698 3705 706 3750 :

617 3854 670 3908 Par
685 3827 779 3910 raison
795 3854 807 3925 l
821 3855 840 3909 ii
857 3858 917 3910 i'aot
933 3855 1035 3910 rendre
1050 3871 1088 3908 ou
1103 3854 1221 3924 pondre.

438 4019 525 4093 etc..
548 4019 614 4084 etc.

488 4137 626 4227 Excipit
637 4143 755 4208 tauron
768 4145 802 4208 et
813 4136 1093 4209 Alexandrinum
1109 4154 1262 4219 versum,
1277 4136 1339 4227 qui
1354 4136 1496 4209 incisio-

440 4279 521 4334 nem
541 4269 622 4352 post
638 4268 773 4334 sextam
793 4261 966 4354 syllabam
988 4261 1118 4334 habere
1135 4260 1252 4341 debet,
1274 4268 1319 4340 ot.
1339 4281 1412 4333 non
1425 4281 1498 4334 rer·

440 4404 519 4458 snm
539 4385 684 4478 quidem
701 4405 742 4459 ex
762 4385 882 4458 decem
904 4386 1051 4477 syllabis
1066 4386 1241 4470 effectum,
1272 4386 1335 4460 sod
1355 4395 1496 4460 cantum
