3584 5286
935 671 974 686 ..
998 637 1093 701 18-

479 775 592 870 magis
621 783 794 869 repugnat
824 795 930 867 quam
962 777 1137 859 versibus,
1170 784 1209 850 ut
1238 783 1360 849 contra
1386 774 1542 850 oblecta·

480 910 639 975 mentum
661 898 842 992 quoddam
863 902 1019 994 adjiciat,
1042 911 1081 974 ut
1100 911 1187 994 puta
1219 928 1227 975 :
1265 905 1353 974 «Tu
1372 921 1409 975 es
1431 904 1545 995 calluy

478 1029 581 1119 aqui
595 1028 632 1119 je
651 1027 711 1100 doi
730 1026 800 1099 lere
824 1026 954 1119 plaisir
960 1052 977 1114 ;
1001 1035 1040 1101 tu
1060 1046 1098 1100 es
1118 1047 1175 1100 ma
1190 1029 1283 1119 joie,
1306 1048 1390 1101 mon
1410 1046 1493 1101 cuer
1510 1035 1545 1101 ct

479 1170 564 1223 mon
584 1149 705 1235 desim
726 1167 770 1224 en
793 1159 873 1225 tous
895 1171 954 1225 cas
973 1154 1009 1245 je
1035 1160 1069 1225 le
1089 1152 1282 1245 vouldroyc
1305 1153 1432 1238 servir,
1461 1163 1495 1226 et
1513 1155 1544 1225 si

479 1295 565 1369 suys
597 1283 708 1367 presi,
737 1293 837 1350 come
865 1277 986 1352 raison
1016 1278 1049 1350 le
1077 1279 1185 1359 veuit,
1214 1277 1258 1351 dc
1285 1280 1466 1369 lousjours
1485 1286 1545 1370 toy

480 1400 635 1474 cheir.»

527 1527 654 1600 Nullos
691 1545 773 1602 rcro
811 1527 904 1600 alius
946 1527 1142 1601 rhetoricae
1181 1528 1268 1601 artis
1312 1530 1462 1620 scriptor
1500 1529 1543 1601 de

356 1629 361 1638 ’
479 1654 647 1745 rhythmo
682 1654 778 1746 apud
815 1655 969 1728 solutam
1007 1654 1202 1728 orationem
1239 1655 1426 1735 disseruit,
1463 1673 1541 1726 oum

479 1779 688 1870 paucissimi
704 1779 822 1852 media
840 1779 984 1871 quidem
1001 1787 1115 1853 aetate
1135 1781 1202 1853 hoo
1221 1781 1400 1853 scribendi
1416 1798 1544 1872 genere

479 1905 535 1976 usi
554 1905 640 1985 siut,
661 1911 696 1977 el
714 1923 890 1997 perpauca
909 1907 1093 1997 supersint
1112 1907 1189 1997 eius
1207 1907 1417 1996 specimina.

527 2029 793 2103 Vorsusautem
811 2031 1045 2112 hortantum,
1065 2032 1095 2102 si
1110 2031 1239 2103 laccho
1251 2031 1504 2110 assentiamur,
1523 2050 1544 2102 a

479 2154 596 2226 soluta
612 2155 772 2228 oratione
787 2155 991 2247 discrepant
1006 2155 1103 2247 quod
1120 2163 1236 2228 certus
1247 2156 1463 2248 syllabarum
1474 2155 1545 2226 nu·
1579 2149 1586 2168 ⁸

480 2291 599 2351 merus
611 2279 655 2351 iis
667 2278 885 2372 imponatur.
905 2281 972 2367 Qui
985 2288 1353 2353 numerustaotuscsl
1369 2289 1543 2370 querutum

480 2405 665 2496 rhythmos
686 2407 916 2498 componenti
939 2406 1025 2479 lihot
1045 2425 1146 2484 asse,
1169 2406 1230 2479 scd
1249 2406 1415 2497 plurihus
1436 2424 1542 2497 quam

403 2579 405 2582 -
479 2530 666 2604 duodecim
700 2532 752 2603 uti
784 2548 856 2604 non
885 2533 978 2615 licet,
999 2509 1034 2596 'c‘
1068 2550 1126 2604 car
1156 2533 1237 2622 plns
1266 2539 1369 2622 grant
1395 2531 1544 2605 nombre

421 2676 441 2720 ο
477 2657 607 2730 cteroit
626 2675 670 2729 au
692 2675 771 2729 vers
788 2675 827 2728 sa
847 2656 948 2745 lacon
964 2665 1004 2729 et
1022 2675 1062 2728 sa
1081 2657 1369 2748 pronunciation.
1392 2682 1407 2719 s

529 2784 626 2869 Quae
652 2781 834 2873 scripserit
864 2783 908 2854 de
935 2803 954 2852 e
980 2783 1153 2855 feminina
1172 2781 1357 2861 elidenda,
1380 2800 1459 2852 cum
1486 2800 1543 2853 ex-

479 2913 592 2979 trema
616 2907 653 2978 in
676 2908 783 2980 vcrho
807 2926 849 2980 ca
870 2908 988 2980 littera
1007 2908 1109 2980 cadat
1133 2907 1362 2998 vocalemque
1386 2907 1545 2979 offendat

480 3050 572 3123 quae
604 3031 829 3122 insequentis
856 3033 953 3105 varhi
982 3032 1088 3104 initio
1115 3033 1287 3113 occurrit,
1319 3033 1544 3122 peculiariter

478 3155 677 3240 ,notandum
694 3166 759 3228 est.
779 3156 882 3248 hpud
900 3159 995 3230 enim
1013 3156 1224 3229 vetustiores
1242 3157 1387 3247 gallicos
1407 3164 1540 3247 poetas,

480 3282 604 3352 sallem
626 3281 671 3352 ah
691 3281 881 3353 undecimo
900 3282 1042 3354 sacculo
1064 3281 1267 3363 desinente,
1284 3303 1302 3349 e
1318 3281 1491 3354 feminina
1507 3281 1543 3351 in

480 3405 587 3478 verho
615 3413 773 3480 extrema
796 3409 888 3480 siout
912 3409 1007 3499 apud
1036 3415 1178 3479 nostros
1202 3407 1414 3480 elidebatur.
1439 3406 1542 3479 Pauci

481 3538 598 3603 lamen
626 3531 758 3605 elidere
785 3551 862 3604 eam
891 3533 999 3604 simul
1027 3551 1067 3604 ao
1097 3551 1168 3604 non
1198 3532 1331 3604 elidere
1355 3550 1545 3604 consueve-

344 3703 346 3714 ·
482 3664 577 3729 runt.
595 3657 697 3743 Quod
715 3659 881 3729 nonnulli
903 3659 1080 3748 explicare
1096 3666 1334 3730 tentaverunt.
1354 3657 1545 3728 Holimanu

485 3778 533 3872 (in
563 3782 794 3854 annotatione
820 3800 942 3854 versus
973 3779 1064 3852 liic
1093 3781 1267 3872 poematis
1296 3780 1479 3853 ,scordalo
1504 3779 1547 3850 de

481 3903 650 3999 Blaioes).
665 3908 746 3978 Mali
760 3905 809 3999 (in
824 3908 1006 3999 prooemio
1017 3905 1178 3998 Compoti
1188 3907 1341 3998 Philippi
1352 3904 1540 3999 deThaon)

483 4038 614 4130 rectum
635 4031 769 4104 hahent
789 4033 956 4122 quotiens
977 4032 1071 4124 apud
1092 4033 1250 4104 carmina
1275 4033 1319 4104 ah
1341 4033 1430 4124 ipsis
1451 4032 1546 4104 edita

345 4133 348 4138 ¹
480 4157 596 4230 littera
616 4158 677 4229 illa
695 4176 768 4229 non
786 4158 945 4238 eliditur,
963 4158 1073 4248 idque
1088 4176 1160 4229 non
1178 4158 1267 4230 alias
1285 4157 1361 4228 lieri
1383 4157 1545 4228 sentiunt

480 4283 551 4355 nisi
571 4302 650 4355 cum
665 4284 789 4356 ednas
810 4290 1062 4364 consonantes,
1085 4283 1250 4354 videlicet
1271 4310 1286 4347 ι
1307 4290 1441 4354 mutam
1463 4299 1541 4353 cum

481 4409 670 4501 liquida»,
687 4409 878 4500 praecedit.
901 4409 989 4481 Cum
1010 4427 1091 4481 uero
1111 4409 1147 4480 in
1169 4409 1333 4499 plurimis
1354 4408 1442 4480 locis
1459 4429 1478 4477 e
1493 4407 1543 4480 lc-
