3584 5286
749 639 888 704 ..5-

335 778 797 861 linn01869,trederions
825 782 941 852 Joiion
968 780 1034 851 bac
1066 780 1111 853 de
1138 781 1285 852 materia
1310 779 1348 852 in

286 903 414 976 Sobola
433 903 644 975 Cbartarum
672 904 901 995 disputabat,
925 904 988 977 sod
1013 905 1347 977 commentationem

285 1045 385 1098 snam
408 1028 502 1119 typis
523 1048 708 1119 nunquam
730 1029 925 1102 mandavit.

334 1154 437 1224 Anno
467 1156 579 1233 1882,
603 1155 773 1245 Georgius
797 1155 999 1246 Pellissier‚
1021 1154 1176 1227 doctoris
1199 1155 1347 1246 gradum

285 1271 492 1368 adepturus
510 1279 681 1349 Facultati
700 1278 898 1349 litterarum
918 1279 1111 1350 Parisiensi
1131 1278 1263 1351 thesim
1280 1279 1348 1350 lin·

285 1421 352 1493 gua
371 1401 483 1474 latina
503 1402 669 1493 scriptam
698 1404 921 1494 proponebat
942 1402 986 1471 cte
1005 1402 1110 1474 Seooti
1127 1403 1259 1474 decimi
1274 1425 1348 1474 soe·

284 1526 356 1596 coli
373 1527 411 1596 io
432 1526 597 1598 Francia
615 1527 761 1598 Artibus
779 1527 923 1624 poeticis
945 1526 955 1622 (
981 1529 1009 1618 ).

335 1654 408 1724 Hoc
427 1653 463 1723 in
484 1653 605 1724 animo
626 1653 781 1725 babebat
801 1653 981 1726 Pellissier
999 1658 1038 1725 nt
1055 1652 1093 1723 in
1113 1652 1185 1725 illis
1202 1652 1348 1725 Artibus

250 1798 252 1803 ·
286 1785 471 1868 quaereret
497 1797 568 1869 qna
594 1777 766 1868 paulatim
792 1778 1041 1869 progressione
1066 1795 1179 1850 novus
1201 1776 1348 1867 quidam

284 1901 427 1972 animus
447 1902 594 1973 creverit
614 1901 727 1973 donee
753 1920 794 1973 ea
815 1901 960 1972 tandem
980 1908 1094 1974 aetate
1114 1899 1349 1975 efflorescerot

284 2041 376 2113 quae
410 2025 506 2116 apud
539 2032 680 2096 nostros
715 2025 880 2097 homines
915 2025 1168 2097 Renovationis
1202 2025 1349 2098 nomine

283 2149 459 2238 appellata
479 2154 545 2221 est.
568 2151 618 2219 Ex
638 2150 721 2221 Arte
739 2169 847 2239 quam
866 2149 979 2220 Faber
998 2150 1154 2241 scripsit,
1177 2150 1228 2221 uti
1248 2148 1348 2222 dece-

284 2272 358 2356 bat,
386 2273 563 2364 prolectus
584 2283 650 2355 est,
673 2275 735 2364 qui
756 2274 847 2346 liber
866 2294 962 2346 anno
986 2278 1072 2346 loti
1098 2274 1230 2355 editus,
1252 2282 1348 2347 totus

284 2398 402 2470 adhue
427 2398 526 2468 illam
547 2398 773 2490 disciplinam
803 2399 938 2471 redolet
962 2399 1036 2480 oui,
1059 2398 1197 2470 median
1222 2399 1348 2471 aetatis

286 2523 521 2614 temporibus,
537 2523 692 2594 obnoxia
706 2524 771 2594 inii
787 2523 918 2614 poesis.
936 2524 1037 2594 llrtes
1054 2522 1179 2594 sedulo
1192 2522 1348 2614 inspexit

285 2668 384 2739 quasa,
403 2649 576 2739 scripsere
600 2649 791 2720 Gratianus
812 2648 855 2719 de
882 2650 1011 2729 Ponto,
1035 2647 1234 2732 Sibilettus,
1258 2649 1349 2718 Fon·

287 2780 389 2854 tana,
417 2774 646 2865 Pelletarius‚
674 2773 901 2854 Ronsardus,
930 2773 1054 2844 Petrus
1083 2772 1127 2844 de
1151 2771 1345 2854 Lauduno;

287 2897 430 2968 taudem
450 2897 495 2968 ad
513 2898 754 2969 Walkelinum
775 2897 819 2968 de
840 2895 1027 2988 Fraxineto
1046 2897 1226 2987 pervenit;
1247 2897 1348 2988 ouius

287 3022 432 3111 quidem
458 3023 571 3102 libro,
598 3023 731 3113 qrrippe
759 3024 820 3112 qui
849 3022 966 3113 operis
996 3021 1080 3093 linis
1111 3023 1158 3106 sit
1186 3029 1220 3093 et
1245 3023 1348 3112 quasi

287 3154 380 3217 meta
409 3147 558 3228 ultima,
584 3148 666 3237 plus
691 3166 797 3237 quam
824 3146 1009 3218 dimidiam
1037 3147 1349 3219 commentationis

286 3289 371 3342 suoo
396 3279 530 3362 partem
556 3272 732 3343 attribuit.
756 3273 991 3364 sagacissime
1011 3279 1045 3344 et
1064 3279 1170 3363 prout
1189 3270 1350 3343 terebant

285 3396 403 3486 operis
423 3396 510 3468 ordo
530 3393 565 3469 e't
584 3397 773 3469 eonsilium
798 3397 956 3469 ostendit
981 3396 1068 3487 quid
1092 3397 1235 3468 intersit
1257 3396 1350 3468 inter

285 3520 350 3590 bos
377 3519 487 3591 libros
514 3522 576 3610 qui
604 3522 782 3612 posterius
810 3522 997 3612 compositi
1025 3528 1110 3593 sunt
1135 3528 1169 3592 el
1194 3519 1347 3611 priorem

286 3644 386 3715 illum
406 3644 510 3715 Fabri
531 3645 686 3739 librum3
708 3665 779 3735 quo
800 3645 933 3716 scilicet
954 3646 1121 3735 processu
1146 3644 1278 3735 singuli
1300 3643 1350 3714 vi-

284 3769 403 3840 eissim
422 3769 504 3840 libri
523 3770 561 3838 in
582 3788 623 3840 ea
642 3770 697 3840 vio
717 3769 1013 3860 progrederentur
1030 3787 1121 3858 qnae
1140 3767 1348 3839 llenovatio·

285 3911 365 3964 nem
389 3891 532 3964 tandem
554 3894 710 3984 attingit.

334 4017 481 4088 Duobus
510 4027 591 4108 post
619 4019 749 4098 annis,
781 4018 927 4089 alteram
961 4017 1114 4098 thesim,
1145 4015 1349 4108 germanico

287 4157 450 4212 sermone
477 4143 666 4232 scriptam,
695 4142 984 4233 lleidelbergensi
1013 4123 1243 4213 Universitati
1268 4158 1348 4230 pro-

278 4433 279 4436 ’
321 4424 354 4489 (1)
369 4424 501 4490 Parisius,
519 4425 587 4488 1882,
604 4425 685 4478 in·8⁰.
