3552 5282
792 1449 1090 1524 CONCLUSIO.

459 1853 509 1922 Er
529 1850 675 1921 Artibus
700 1849 907 1920 Rhetoricae
931 1849 1152 1940 rhythmicae
1175 1869 1196 1920 a
1221 1867 1278 1921 me
1299 1849 1348 1919 ita
1374 1866 1473 1918 sum-

410 1976 533 2047 matim
565 1973 758 2064 exploratis
792 1981 940 2064 apparet
969 1991 1029 2045 eas
1055 1973 1100 2045 ari
1127 1974 1195 2046 hoo
1223 1979 1402 2064 spectare,
1435 1977 1473 2044 ut

410 2099 529 2190 poesis
557 2117 629 2168 non
656 2098 724 2167 vim
754 2097 946 2188 genuinam
973 2097 1034 2170 sed
1061 2097 1212 2168 artiiioia
1237 2103 1377 2168 tantum
1403 2104 1473 2167 tre·

410 2224 509 2296 dant.
532 2225 582 2296 Ne
601 2224 707 2314 igitur
727 2222 865 2312 aliquid
882 2224 998 2313 majus
1018 2223 1056 2293 in
1077 2222 1122 2294 iis
1142 2240 1308 2312 quaeras.
1323 2220 1472 2311 Saepius

409 2348 644 2438 scriptoribus
672 2347 751 2420 istis
781 2348 864 2420 vitio
891 2349 1040 2420 vertitur
1063 2346 1160 2437 quod
1186 2347 1224 2418 in
1255 2345 1353 2437 poesi
1381 2344 1472 2416 nihii

409 2473 480 2543 nisi
512 2472 675 2544 callidam
707 2473 955 2563 rhythmorum
989 2489 1229 2560 versuumque
1262 2470 1471 2560 dispositio-

410 2615 492 2668 nem
523 2597 801 2668 aestimaverint.
832 2598 872 2667 ln
903 2596 1048 2668 hrtihus
1079 2604 1198 2667 tamen
1232 2613 1353 2667 eorum
1382 2592 1472 2664 nihii

410 2721 572 2793 invenias
591 2739 653 2791 our
676 2722 715 2791 in
742 2721 832 2791 hano
856 2720 1152 2810 vituperationem
1175 2721 1340 2800 veniant;
1362 2719 1473 2789 immo

410 2845 502 2917 nihii
525 2864 596 2935 quo
625 2845 862 2917 demonstrari
883 2846 997 2936 possit
1021 2863 1082 2917 eos
1102 2845 1140 2915 in
1160 2844 1281 2915 animo
1301 2843 1472 2916 hahuisse

412 2978 449 3041 ut
469 2976 591 3060 poetas
611 2977 771 3042 crearent
792 2993 800 3039 :
820 2970 888 3041 hoo
905 2969 949 3041 de
970 2969 1102 3059 maiore
1118 2976 1210 3041 oorte
1229 2987 1351 3040 eorum
1373 2973 1471 3058 parte

366 3151 369 3157 .
411 3092 480 3164 diei
505 3100 634 3184 potest.
664 3094 850 3165 Rationem
877 3092 1102 3165 versihoahdi
1126 3093 1232 3165 modo
1258 3091 1396 3172 dooere,
1419 3090 1473 3163 vei

411 3216 571 3298 lihelios,
601 3217 663 3307 qui
692 3225 875 3307 poetarum
898 3217 1091 3289 memoriae
1117 3216 1235 3307 quoad
1262 3215 1469 3307 implicatis·

411 3341 521 3412 simus
541 3360 707 3413 versuum
736 3340 985 3432 fingendorum
1013 3349 1047 3412 et
1072 3342 1165 3413 inter
1192 3359 1230 3412 se
1257 3348 1471 3412 connecten-

409 3465 537 3537 dorum
564 3466 657 3556 leges
690 3464 897 3557 adjumento
925 3473 1065 3542 essent.
1096 3465 1133 3535 in
1163 3465 1269 3537 hreve
1298 3471 1473 3536 coarctare

411 3591 479 3661 sihi
492 3597 769 3680 proposuerunt.
784 3590 886 3675 Quod
901 3591 930 3662 si
946 3589 1016 3660 alia
1035 3590 1072 3660 in
1094 3590 1196 3662 iihris
1210 3609 1301 3680 quos
1318 3607 1470 3680 perpen-

410 3713 529 3785 dimus
546 3713 743 3796 desideres‚
765 3721 864 3786 tanto
882 3716 994 3805 magis
1012 3733 1109 3786 erras
1126 3714 1222 3804 quod
1242 3715 1386 3804 saepius
1404 3713 1473 3803 ipsi

410 3838 600 3928 scriptores
634 3839 707 3910 sive
743 3840 779 3909 in
814 3839 1034 3929 praefatione
1067 3839 1141 3911 sive
1175 3839 1211 3908 in
1243 3837 1346 3910 tituto
1375 3837 1474 3928 operi

409 3961 581 4053 inscripto
601 3962 689 4052 quid
711 3964 841 4035 veilent
859 3971 1021 4034 aoourate
1040 3961 1330 4053 significaverint.

458 4087 599 4159 Etenim
619 4087 833 4159 Eustachius
854 4086 898 4159 de
918 4087 1081 4176 Campis,
1103 4105 1213 4176 aquo
1233 4084 1475 4157 vetustissima

410 4227 453 4281 eu
479 4209 627 4282 hrtihus
660 4228 752 4300 quae
781 4210 827 4281 ad
860 4228 927 4281 nos
960 4217 1198 4300 pervenerunt
1227 4209 1359 4300 scripte
1391 4208 1471 4292 iuit,

411 4341 531 4406 monet
558 4343 698 4429 poetam
730 4335 870 4406 nulium
900 4335 972 4407 nisi
1001 4339 1130 4408 natura
1160 4333 1258 4420 heri;
1287 4335 1472 4428 ingenium
