3584 5286
743 631 884 691 -74

281 770 442 870 aliasque
467 795 482 834 c
504 770 606 843 Artes
634 770 892 862 rythmicandi‚
916 797 931 835 a
957 791 978 842 a
1011 769 1231 842 doctissimis
1258 771 1344 842 viris

281 895 472 966 Hoffmann
511 892 558 990 (l)
592 901 631 966 -et
672 897 775 966 illone
820 891 867 989 (8)
912 896 1005 987 typis
1056 892 1267 977 mandatas,
1309 902 1348 967 ut

281 1037 372 1108 quae
409 1019 453 1091 de
490 1019 653 1092 uersibus
692 1019 814 1090 latinis
853 1026 1027 1101 tractent,
1070 1019 1259 1110 negligam.
1297 1022 1347 1091 lle

280 1143 487 1234 provinciali
527 1145 610 1215 hrte
649 1144 856 1215 Rhetoricae
894 1163 986 1233 quae
1022 1141 1132 1213 Flors
1172 1143 1231 1212 olet
1271 1165 1347 1235 pop

279 1265 394 1338 Sohar
418 1268 635 1358 appellatur,
660 1268 739 1340 ideo
765 1275 904 1340 tanturn
935 1269 1063 1358 loquar
1091 1276 1130 1340 ut
1159 1269 1345 1341 ostendam

282 1392 369 1483 quid
408 1411 502 1464 unus
542 1412 584 1466 ar
622 1393 758 1485 gallicis
796 1394 1001 1466 auctoribus
1039 1393 1124 1467 inde
1164 1401 1346 1467 mutuatus

281 1517 341 1588 sit.

329 1643 407 1714 Non
428 1642 516 1715 mihi
537 1641 727 1716 consilium
754 1650 807 1716 ast
834 1643 1064 1728 continuum,
1093 1644 1345 1716 historicorum

282 1783 395 1846 more,
431 1767 594 1840 ordinem
629 1768 731 1858 sequi
764 1775 799 1840 et
827 1768 1013 1839 materiam
1043 1787 1086 1841 ex
1112 1767 1169 1839 his
1200 1767 1345 1839 Artibus

281 1895 459 1980 sumptam
485 1891 535 1963 ita
563 1891 722 1983 digerere
748 1899 787 1963 ut
813 1898 886 1963 tota
914 1899 948 1964 ot
973 1891 1149 1983 disposita
1177 1900 1346 1983 appareat

281 2013 473 2087 formarum
495 2017 711 2107 poeticarum
733 2018 816 2089 vila.
840 2017 994 2108 Longius
1016 2019 1122 2093 etiarn
1143 2018 1238 2091 absit
1257 2036 1343 2090 con-

281 2139 401 2211 silium
423 2141 615 2212 enarrandi
640 2161 731 2231 quae
755 2142 861 2214 fuerit
883 2143 956 2213 illis
979 2142 1201 2233 temporibus
1225 2142 1345 2234 poesis

281 2263 443 2336 historia.
473 2267 547 2337 Hoc
574 2272 713 2337 tantum
747 2266 834 2336 mihi
863 2284 1024 2357 propono
1053 2274 1093 2338 ut
1124 2267 1207 2339 illae
1242 2266 1345 2339 Artes

280 2387 410 2459 clarius
435 2388 636 2479 meliusque
659 2408 766 2479 quarn
795 2395 900 2460 antea
922 2396 1194 2480 cognoscantur,
1221 2396 1260 2460 ut
1283 2408 1344 2480 ap·

160 2572 163 2578 ,
281 2517 403 2602 pareat
424 2521 512 2603 quot
539 2521 573 2585 at
592 2514 712 2604 qualia
735 2513 820 2584 inde
840 2513 1053 2584 documenta
1073 2513 1167 2585 sumi
1187 2513 1342 2603 possint.

282 2639 352 2709 Hos
373 2635 480 2728 igitur
498 2637 609 2708 libros
631 2636 757 2709 ordine
778 2655 1026 2729 recognoscam
1048 2655 1089 2710 eo
1109 2636 1243 2709 scilicet
1262 2655 1345 2727 pro·
1464 2634 1466 2640 ’

280 2761 397 2851 posito
426 2769 464 2833 ut
487 2762 686 2845 indicetur,
713 2763 744 2834 si
772 2768 1014 2854 opportunum
1040 2761 1166 2845 luerit,
1188 2761 1285 2835 uude
1310 2769 1346 2835 ct

281 2905 324 2958 en
344 2905 415 2977 quo
436 2887 532 2959 lonto
556 2887 744 2978 fluxerint,
764 2887 852 2978 quid
873 2887 967 2958 inter
985 2905 1046 2959 eos
1066 2905 1255 2959 commune
1275 2887 1342 2968 sit,
1409 2962 1412 2967 ,
1445 2926 1449 2931 -

281 3011 369 3101 quid
386 3011 578 3102 discrepet;
593 3019 726 3084 certum
743 3012 1013 3103 compositionis
1034 3019 1174 3103 tempus
1194 3011 1345 3084 delinire

270 3136 426 3230 ,tentabo
456 3144 491 3208 et
522 3135 710 3208 ostendere
740 3144 873 3227 quanta
903 3137 1032 3226 cuique
1063 3135 1152 3208 fides
1181 3135 1344 3207 adhiberi

282 3261 414 3350 possit,
442 3260 531 3350 quid
563 3261 704 3332 valeant
735 3260 948 3334 documenta
981 3279 1073 3350 quae
1106 3261 1190 3333 inde
1217 3279 1343 3352 sugge-

282 3390 422 3456 runtur.
832 3403 834 3408 ·

329 3511 449 3600 Usque
464 3510 509 3582 ad
525 3529 566 3582 ea
582 3519 741 3601 tempora
753 3510 942 3602 procedam
955 3511 1088 3599 quibus
1098 3510 1181 3583 illao
1196 3511 1342 3593 lorrnae,

282 3635 470 3725 praecipua
494 3636 620 3707 harum
645 3637 782 3708 Artium
805 3635 994 3717 materies,
1015 3635 1096 3707 allis
1116 3653 1341 3708 succrescen-

283 3757 376 3830 tibus
410 3759 546 3842 lormis
584 3761 819 3832 emoriuntur.
856 3761 958 3840 Turn,
990 3759 1027 3830 lu
1061 3760 1178 3831 locum
1204 3760 1342 3831 Artium

282 3891 483 3956 nostrarum
501 3903 592 3975 quae
605 3886 811 3957 Rhetoricae
827 3885 1055 3967 vocabantur,
1070 3885 1172 3958 Artes
1188 3885 1345 3976 poeticae

281 4140 322 4186 est
337 4137 396 4200 (Th.
413 4139 525 4202 Wright
540 4143 567 4188 et
582 4139 657 4191 J.·O.·
668 4138 819 4197 Halliwell‚
835 4141 979 4199 Reliquiae
995 4142 1137 4199 antiquae.
1155 4139 1256 4201 Serapa
1274 4140 1344 4187 from

281 4227 392 4276 ancient
407 4229 600 4291 manuscripts,
617 4228 744 4288 London,
761 4227 901 4278 lull-lala.
917 4227 932 4276 2
947 4227 1001 4279 vol.
1016 4227 1097 4278 in-80.

312 4315 345 4379 (l)
359 4319 426 4366 Altt.
441 4319 553 4379 Bldtler,
569 4317 590 4377 I,
606 4331 633 4379 p.
649 4315 704 4366 tlt.

313 4403 345 4468 (2)
360 4407 496 4467 anzeiger
509 4408 556 4465 [τιν
570 4407 672 4454 Korada
687 4407 738 4454 dar·
753 4407 897 4454 teutschen
915 4405 1032 4466 vorzeit,
1047 4416 1091 4454 an.
1109 4403 1177 4466 1838,
1191 4419 1217 4467 p.
1234 4403 1287 4454 586.
