3584 5286
747 627 956 694 -39-.

297 768 422 842 ordine
441 767 650 860 dispositis;
671 768 779 842 hahet
799 775 916 840 autem
939 785 1000 840 sex
1027 768 1140 840 miliia
1163 767 1351 840 vocabulo·

298 912 374 966 rum
406 900 442 966 et
473 894 697 967 concluditur
731 893 853 985 paucis
886 892 1087 984 iisdemque
1121 891 1353 965 subobscuris

297 1017 412 1091 verbis
432 1017 476 1090 de
496 1017 623 1091 litteris
641 1040 668 1110 y
683 1025 718 1090 et
733 1036 769 1097 z,
789 1036 880 1109 quae
899 1017 944 1089 ad
964 1016 1251 1110 orthographiam
1272 1035 1353 1108 per·

297 1141 423 1215 tinent.

344 1267 706 1341 Animadvertendum
735 1275 789 1341 est
822 1268 975 1358 primunt
1010 1268 1103 1341 hauc
1131 1268 1260 1340 seriem
1287 1267 1351 1340 iis·

297 1391 376 1466 dem
405 1393 520 1465 verhis
548 1393 767 1485 designatam
793 1412 871 1466 esse
893 1393 938 1465 ah
963 1401 1105 1466 auctore
1127 1393 1259 1483 quihus
1283 1393 1354 1467 alia

297 1518 445 1607 quaein
465 1518 584 1592 codice
602 1521 696 1590 tuot
719 1520 931 1602 continetur,
955 1537 1134 1610 quamque
1154 1536 1262 1609 supra
1281 1535 1354 1590 me·

195 1705 199 1712 .
297 1644 450 1726 moravi;
475 1643 628 1734 priorem
656 1650 774 1716 autern
795 1644 923 1717 seriem
942 1642 1039 1734 apud
1065 1643 1264 1717 Baidettum
1284 1644 1354 1715 He-

297 1786 379 1840 renc
404 1767 531 1841 iisdem
559 1788 702 1860 quoque
728 1770 845 1842 rerhis
869 1770 1089 1862 designatam
1119 1787 1198 1844 esse
1220 1768 1353 1858 quihus

295 1893 356 1966 ilie
374 1893 581 1984 designatur
598 1894 706 1966 index
727 1895 976 1967 vocabulorum
997 1895 1162 1968 similiter
1180 1893 1351 1969 desinen-

296 2015 383 2089 tium
406 2017 467 2108 qui
495 2018 532 2089 iu
560 2017 681 2090 iihetlo
707 2018 838 2091 codicis
865 2019 1024 2110 eiusdem
1049 2026 1220 2092 servatur.
1243 2018 1356 2110 Cujus

296 2141 424 2214 iudicis
449 2143 617 2234 pleraque
637 2143 806 2216 rocahuta
826 2144 953 2218 iterum
978 2144 1211 2217 inueniuntur
1234 2143 1272 2214 in
1293 2162 1350 2216 so·

295 2267 346 2339 rie
379 2245 529 2341 Baidetti
559 2269 715 2352 Herenc,
747 2269 784 2340 in
818 2288 889 2360 qua
918 2269 1130 2360 prudentius
1162 2268 1354 2341 distributa

288 2399 392 2465 sunt.
414 2393 464 2464 iix
489 2411 560 2485 quo
583 2393 699 2467 iniero
723 2413 795 2466 uon
816 2394 965 2467 Baidetti
993 2394 1150 2486 uestigiis
1172 2401 1351 2466 auctorem

294 2516 406 2589 libelii
435 2518 686 2610 manuscripti
713 2518 905 2602 institisse,
926 2518 1058 2609 quippe
1085 2517 1141 2592 cui
1170 2517 1269 2590 uuila
1295 2534 1351 2589 es·

295 2649 347 2714 set
365 2660 472 2714 cansa
491 2661 552 2732 our
571 2643 733 2715 ordinem
752 2643 1002 2716 vocabulorum
1021 2649 1154 2716 certum
1170 2653 1206 2715 et
1221 2640 1351 2713 rationi

294 2774 543 2860 congruentem
565 2776 717 2842 mutaret
736 2769 847 2860 inque
866 2770 943 2860 ejus
958 2769 1074 2843 iocum
1094 2768 1255 2842 ordinem
1276 2785 1352 2840 om·

168 2991 170 2994 ¹
295 2892 380 2964 uiuo
403 2893 576 2966 incertum
597 2895 812 2967 institueret.
835 2896 901 2966 Res
925 2911 1006 2966 vero
1025 2893 1144 2985 potius
1168 2910 1188 2966 e
1208 2899 1349 2966 contra·

295 3017 346 3089 rio
369 3019 505 3106 evenit3
528 3018 624 3110 quod
651 3026 771 3092 temen
792 3018 888 3090 haud
907 3017 1084 3090 affirmare
1108 3017 1247 3098 ausim,
1270 3000 1349 3088 cirm

294 3142 434 3217 credere
454 3145 557 3217 liceat
576 3152 767 3234 utrumque
791 3150 969 3216 auctorem
995 3161 1035 3216 er
1061 3161 1131 3215 unc
1153 3142 1351 3232 eodemque

294 3269 487 3360 exemplari
504 3269 682 3342 hausisse.

340 3395 513 3486 Neglootis
545 3400 662 3467 autem
697 3393 873 3486 rhythmis
902 3411 1096 3484 eorumque
1125 3392 1237 3464 vario·
1254 3409 1348 3474 usu,

294 3519 474 3592 Baldettus
489 3518 630 3612 singula
645 3519 843 3592 carminum
861 3536 989 3611 genera
1005 3518 1219 3599 considerat,
1237 3534 1350 3608 eaque

294 3644 360 3715 hoc
396 3643 521 3716 ordine
558 3643 753 3736 disponit:
781 3642 848 3729 lai,
884 3663 1109 3727 amoureusc,
1140 3641 1347 3725 serveutois,

292 3767 397 3840 chnut
410 3768 527 3861 νομαὶ,
540 3774 623 3840 soto
636 3791 856 3852 umocreusc,
863 3770 1092 3864 postourcIIe,
1107 3768 1256 3852 hellade,
1270 3791 1350 3840 rou·

293 3894 392 3978 dcam
414 3892 544 3988 fatuus,
563 3893 735 3977 ocozath,
754 3893 951 3978 doublettcs,
970 3895 1196 3967 olemuudra'n.

341 4019 517 4091 Carminis
542 4019 666 4112 gallice
689 4018 740 4090 lai
765 4020 849 4092 dicti
873 4021 993 4112 regula
1016 4021 1138 4093 eadem
1164 4027 1218 4093 est
1242 4027 1350 4112 atque

293 4143 331 4214 in
350 4143 470 4216 codice
489 4146 598 4215 aaut

341 4267 525 4341 Cautionis
553 4267 745 4341 amatoriae
771 4286 844 4341 non
870 4268 964 4360 leges
984 4268 1046 4341 sed
1066 4269 1246 4360 exemplar
1264 4269 1343 4341 Bai-

293 4394 410 4470 dettus
426 4394 540 4477 otiari,
560 4394 656 4486 quod
674 4401 870 4470 constater
888 4394 1049 4486 quinque
1064 4395 1234 4488 strophis,
1255 4415 1347 4488 quae
