3584 5286
733 619 893 685 ..37-

290 780 346 828 «o
367 755 513 841 Choloe,
531 786 546 825 ι
568 758 743 842 videlieet,
758 765 797 832 ut
815 759 954 850 opinor,
974 759 1150 831 Cabilloni
1171 755 1339 852 (Cholou-

282 881 515 978 rnr·Saone);
529 883 725 957 sinetiubio
742 885 897 958 iterieoit
907 885 1196 976 porllauuriam,
1209 886 1342 976 quippe

284 1009 346 1100 qui
365 1009 502 1090 noverit
517 1010 553 1080 in
573 1011 639 1082 hae
655 1011 797 1100 regione
813 1017 1045 1082 monumenta
1062 1018 1096 1083 et
1111 1011 1186 1082 looa
1202 1011 1340 1082 minimi

283 1134 468 1216 momenti,
489 1134 623 1208 soilioet
642 1136 768 1209 turrim
791 1160 808 1202 o
824 1133 984 1206 d'Ordre
1003 1162 1037 1215 s,
1059 1136 1241 1209 castollum
1264 1163 1279 1200 ‹
1299 1136 1342 1208 olo

175 1279 178 1284 “
281 1258 461 1352 Monquop
488 1286 522 1340 s,
552 1267 587 1332 et
618 1258 697 1329 «de
720 1257 852 1331 Cotem
880 1287 914 1336 n.
944 1260 1052 1333 urbes
1084 1287 1099 1325 ι
1126 1258 1157 1330 le
1183 1257 1338 1354 (heloy,

282 1382 397 1465 Hem,
418 1383 494 1454 Pas
518 1386 555 1456 iu
577 1385 715 1458 Artesio
747 1409 781 1466 n;
810 1383 948 1454 «Mons
966 1407 1010 1454 en
1033 1383 1183 1466 Boleoi,
1206 1386 1342 1476 quiesi

283 1529 355 1602 ung
374 1509 499 1602 vilaige
516 1507 597 1601 pres
618 1509 661 1584 de
683 1511 770 1583 Lillo
790 1528 835 1582 θη
855 1510 1026 1583 Flandres
1048 1537 1083 1592 »‚
1101 1517 1135 1583 ot
1153 1511 1341 1584 vernacula

283 1635 388 1707 verba
407 1643 445 1709 ut
471 1662 486 1700 r
508 1638 650 1727 kllqtle,
681 1637 743 1725 qni
771 1643 825 1708 est
847 1638 958 1728 gastel
984 1655 1028 1709 θη
1055 1635 1246 1714 Flaudres;
1275 1637 1340 1707 ku·

282 1760 438 1850 onelios,
458 1760 520 1851 qui
541 1769 623 1832 sont
641 1759 768 1852 petitos
790 1760 920 1832 rondes
941 1760 1142 1852 gauffrettes
1161 1778 1206 1832 eu
1228 1758 1341 1830 Pinar-

282 1883 356 1962 die;
374 1882 484 1966 inille,
502 1903 571 1975 que
590 1885 641 1956 los
658 1884 805 1958 lemmes
825 1891 967 1976 portent
984 1902 1029 1956 θη
1045 1883 1215 1956 Flandres
1234 1881 1297 1978 (l).
1318 1911 1333 1948 »

329 2007 439 2100 Igitur
457 2008 631 2100 suspirari
655 2010 735 2082 lieet
754 2009 953 2082 Baldettum
980 2009 1017 2080 in
1043 2009 1339 2100 septentrionales

281 2133 442 2225 regiones
461 2134 602 2206 venisse
619 2141 658 2206 ut
678 2135 832 2226 palmam
854 2142 1014 2225 posceret
1032 2133 1069 2205 in
1091 2134 1237 2225 poeticis
1258 2153 1340 2206 oon·

259 2258 393 2342 ·eiliis;
416 2259 547 2331 etenim
569 2258 665 2349 quod
685 2267 888 2350 poematum
908 2278 1020 2351 genus
1040 2260 1076 2330 iu
1102 2260 1159 2332 his
1179 2259 1339 2332 conciliis

280 2382 478 2456 admissum
505 2383 612 2456 luerit
641 2384 747 2456 uobis
773 2384 886 2466 diuet,
914 2391 1021 2475 atque
1046 2385 1151 2456 etiam
1177 2384 1340 2473 exempla
1451 2407 1452 2411 θ

281 2509 415 2581 alteret.
436 2507 600 2582 Forsitan
619 2507 717 2581 haud
736 2514 868 2580 temere
888 2507 1021 2611 dixeris
1039 2526 1119 2580 euru
1137 2507 1174 2578 iu
1190 2525 1339 2578 numero

281 2639 465 2726 poetarum
485 2633 596 2706 luisse
616 2633 678 2724 qui
699 2632 795 2725 apud
820 2631 945 2705 ducem
972 2631 1197 2724 Burgundiae
1224 2639 1337 2704 erant.

331 2759 421 2832 lluio
439 2759 530 2831 libro
553 2759 760 2831 inscribitur
783 2783 792 2830 ε
820 2785 835 2823 r
861 2754 1048 2828 Doctrinol
1062 2755 1105 2826 de
1124 2756 1160 2826 lo
1181 2755 1340 2828 Secunde

282 2883 486 2978 itemtque,
503 2884 575 2978 fuit
586 2906 664 2978 por
677 2883 835 2957 Bontdet
847 2883 1006 2967 Herone,
1019 2882 1090 2952 l'oo
1101 2881 1143 2952 de
1154 2903 1265 2974 grace
1280 2880 1342 2951 mil

252 2989 256 2997 ’
282 3019 403 3108 quatre
421 3029 500 3081 oens
517 3015 629 3079 trente
647 3014 679 3079 et
697 3008 805 3081 dener.
828 3036 843 3075 s

331 3134 437 3207 lnitio
466 3134 549 3206 libri
578 3142 700 3207 auctor
726 3133 906 3226 disposuit
940 3161 956 3199 ‹
984 3135 1062 3225 Ung
1090 3131 1172 3204 lue
1200 3151 1262 3204 sur
1288 3134 1339 3205 les

283 3281 302 3330 v
320 3261 483 3353 voyeulr,
500 3279 591 3352 pour
605 3258 780 3351 aprendre
795 3279 817 3330 a
835 3260 965 3351 espelir
981 3277 1026 3331 eu
1042 3259 1076 3329 la
1091 3257 1164 3330 dite
1179 3257 1340 3330 secunde

283 3385 520 3476 Rethorique,
543 3411 558 3450 ›
585 3385 719 3458 seilicet
739 3369 866 3458 seriem
888 3384 1079 3476 quamdam
1099 3386 1193 3455 2700
1213 3383 1337 3456 verbo-

282 3527 374 3592 rum,
395 3509 644 3600 incipientium
665 3529 685 3581 a
704 3508 760 3594 bo,
780 3508 831 3594 be,
853 3507 899 3592 ln',
920 3507 972 3591 bo,
988 3508 1032 3579 bn
1042 3533 1059 3596 ;
1072 3529 1127 3591 aa,
1147 3529 1198 3590 oe,
1218 3507 1263 3589 oi,
1282 3528 1337 3593 eo,

280 3653 346 3716 on,
376 3640 411 3706 et
436 3633 632 3707 litterarum
660 3634 786 3707 ordine
815 3634 1084 3726 dispositorum.
1113 3633 1338 3706 llaniiestnm

281 3757 425 3849 quidem
458 3765 511 3830 est
546 3758 768 3843 Balllettnur‚
801 3760 895 3832 hano
931 3759 1073 3833 seriem·
1096 3758 1337 3841 instituendo,

260 3882 261 3886 '
281 3890 479 3955 monstraro
498 3883 654 3956 voluisse
674 3884 853 3975 quomodo
874 3885 936 3956 illa
955 3884 1059 3957 verba
1080 3883 1266 3956 scribenda
1285 3901 1338 3954 es·

280 4014 379 4091 sent,
401 4026 521 4081 rerum
546 4009 651 4082 etiam
676 4009 774 4082 haud
796 4010 963 4101 intellego
987 4027 1095 4099 quam
1122 4007 1168 4079 ob
1194 4025 1336 4078 eausam

315 4315 349 4380 (l)
364 4314 426 4376 Quo
441 4321 555 4379 apparet
569 4317 597 4366 id
611 4316 769 4368 vestimenti
786 4330 873 4383 genus
887 4329 943 4367 ηοη
959 4317 1099 4368 invectum
1113 4329 1189 4380 esso,
1208 4318 1240 4364 ul
1254 4315 1338 4380 vulgo

284 4404 415 4468 creditur,
431 4406 465 4456 ab
478 4403 618 4470 Hispanis.
