3584 5286
878 621 1038 684 ..44-

471 763 723 835 lluodcnorum
740 780 906 835 versuum
928 758 1110 857 (douaoin)
1129 760 1200 833 duo
1215 761 1379 854 exempla
1397 761 1484 834 relc-

425 896 566 970 runlur‚
586 906 677 979 quac
691 886 815 960 eodem
829 885 936 959 modo
947 886 1092 978 figurari
1105 893 1258 978 possunt
1270 906 1341 977 quo
1359 884 1488 956 Turris

422 1010 635 1092 Amatoria,
661 1010 699 1083 in
726 1011 810 1084 Arte
836 1010 967 1084 codicis
1000 1013 1094 1082 4237
1127 1011 1284 1095 laudata,
1316 1013 1484 1085 scilicet:

423 1134 508 1207 aab
525 1134 608 1206 oab
625 1134 705 1206 oba
725 1133 819 1207 bic.
842 1138 880 1207 ln
901 1137 1012 1209 altero
1032 1136 1138 1227 acqui
1158 1144 1243 1210 sunt
1262 1155 1386 1211 omnes
1409 1156 1486 1210 ver·

424 1279 506 1343 sus;
533 1261 569 1332 in
590 1261 700 1334 allero
727 1267 846 1334 autem
874 1279 997 1334 versus
1024 1259 1157 1352 quibus
1180 1262 1369 1354 rhythmus
1393 1259 1487 1336 osto

424 1384 604 1458 breviores
624 1392 723 1458 sunt.

472 1510 725 1583 Alexandrinis
753 1509 915 1583 versibus
943 1511 995 1583 uti
1025 1511 1106 1584 licet
1132 1511 1170 1582 iu
1195 1511 1354 1603 strophis
1379 1518 1486 1585 aule

425 1636 609 1726 quaternis
635 1635 798 1707 versibus
823 1635 1051 1727 compositis,
1083 1637 1175 1708 sicut
1200 1636 1237 1708 in
1269 1633 1485 1707 Testamenta

423 1761 597 1833 iohannis
623 1760 667 1833 ue
686 1763 813 1844 Mcun,
837 1769 898 1832 aut
917 1780 989 1833 uuo
1010 1762 1178 1854 rhythmo
1197 1763 1334 1835 ornatis
1357 1759 1486 1856 (luisses

424 1884 674 1978 monorimcs);
697 1887 823 1958 harum
852 1894 969 1960 aulem
990 1905 1159 1959 mansura
1177 1887 1325 1959 arbitrio
1346 1894 1483 1959 tanturn

425 2018 550 2102 poetae
570 2009 707 2082 linitur.

475 2135 631 2208 Libellus
657 2135 807 2209 Baldelti
834 2137 971 2208 Hereuc
989 2143 1024 2208 et
1053 2135 1113 2208 ille
1139 2136 1201 2227 qui
1223 2141 1279 2209 ast
1301 2137 1338 2207 in
1367 2133 1487 2208 codice

426 2264 520 2333 4257
541 2262 590 2334 ita
608 2261 703 2334 inter
721 2279 760 2334 se
779 2269 864 2334 sunt
881 2262 1111 2334 consentanei
1131 2268 1169 2334 ut
1184 2263 1264 2353 jure
1283 2259 1352 2334 dici
1372 2259 1487 2352 possit

584 2545 587 2550 ·
626 2527 755 2591 Empetra
768 2541 839 2579 nous
854 2529 946 2578 bonne
961 2532 1093 2579 eventura

626 2619 697 2668 Vers
712 2623 760 2668 ton
775 2618 828 2681 fila,
843 2619 891 2682 qui
907 2631 942 2668 en
956 2615 1034 2667 croix
1050 2617 1115 2677 cria,

628 2707 720 2769 Quant
735 2708 769 2758 da
785 2714 857 2758 mort
871 2709 944 2759 santi
958 2710 986 2757 la
999 2709 1154 2771 uoluatur-a,

627 2797 668 2846 En
683 2811 759 2862 quoy
773 2811 895 2861 oncques
910 2811 945 2848 na
959 2799 1045 2858 varia,

627 2885 702 2936 Pour
716 2888 827 2938 saulvcr
841 2888 970 2938 humaine
987 2892 1095 2941 nature.

427 3067 528 3114 Ferme
543 3067 576 3115 da
591 3067 693 3127 simpla
705 3068 793 3126 latras
807 3068 971 3128 impossible
986 3071 1020 3118 da
1035 3079 1064 3117 lu
1078 3073 1104 3118 at
1118 3071 1153 3117 da
1166 3079 1208 3118 vn
1222 3070 1344 3128 sillabas,
1360 3070 1434 3118 maia
1448 3083 1485 3117 ori

617 3157 641 3204 ta
654 3157 733 3215 peult
748 3157 820 3216 faire
836 3158 870 3204 da
886 3159 921 3205 tet
937 3162 1037 3207 mettre
1051 3171 1105 3220 que
1120 3160 1176 3207 t'on
1192 3159 1293 3208 voautl.

626 3323 667 3375 La
681 3324 763 3374 chose
775 3338 811 3375 va
824 3324 879 3375 tres
893 3326 946 3375 mal

626 3414 670 3465 On
683 3401 761 3480 uolut
773 3414 818 3464 n'a
832 3414 866 3465 da
877 3415 993 3479 justice,

626 3504 666 3554 La
678 3506 762 3554 chose
774 3520 808 3556 va
823 3505 879 3555 tras
894 3507 957 3564 mal,

626 3593 688 3644 Dist
702 3609 741 3644 un
753 3610 824 3646 veau
839 3596 873 3645 do
888 3596 979 3655 molal,

626 3685 669 3735 Au
684 3686 758 3734 lront
772 3685 854 3734 d'une
869 3686 992 3750 ganisse‚

627 3774 681 3833 Qui
700 3788 735 3823 en
748 3789 805 3839 ung
822 3775 910 3825 orinal

628 3862 718 3912 Bouta
733 3877 790 3926 ung
802 3863 934 3924 cardinal,

628 3953 682 4012 Qui
697 3954 790 4003 faisoit
806 3955 929 4004 sacrifice

625 4043 666 4092 De
681 4042 762 4092 l’oeul
777 4042 859 4092 d'une
875 4044 1024 4104 escrevioa,

624 4131 666 4182 En
679 4146 736 4196 ung
750 4133 813 4183 four
828 4132 861 4183 de
877 4133 987 4196 cristol,

625 4222 700 4273 Pour
714 4235 746 4272 ce
758 4235 812 4286 que
826 4236 857 4272 sa
870 4222 959 4285 pelice

625 4312 723 4362 Tenoit
736 4317 807 4362 estat
821 4312 908 4375 royal,

626 4401 669 4452 Ou
681 4403 760 4466 point
773 4405 817 4452 n'a
831 4401 865 4452 de
877 4401 987 4465 justice.
