3552 5282
725 619 904 682 -rtt-

282 755 762 849 renterinjusthuedictum
774 757 925 828 videtur.
943 759 1054 828 immo
1067 757 1208 830 saeculo
1222 757 1348 848 quinto

284 881 441 962 decimu,
467 900 538 972 quo
564 882 722 952 virorum
747 881 857 951 animi
880 881 925 950 ad
953 881 1115 952 militiam
1137 899 1349 971 amoresque

284 1005 374 1076 miro
403 1005 528 1078 ardore
555 991 859 1086 incendebanturss
883 1024 953 1094 quo
975 1007 1132 1096 pueiiuia
1151 1005 1347 1096 quaedam,

284 1131 501 1204 exercituum
532 1130 657 1204 ducem
679 1149 758 1204 sese
778 1130 972 1220 praehens,
996 1131 1117 1202 hostes
1141 1152 1161 1202 a
1181 1131 1348 1213 Francia,

283 1273 390 1346 quam
413 1264 553 1328 centum
571 1275 687 1328 annos
707 1256 867 1346 populati
886 1263 1007 1355 erant,¹
1020 1257 1159 1346 rejecit:
1178 1275 1249 1346 quo
1267 1256 1351 1328 ado·
1375 1305 1376 1309 κ

286 1379 423 1452 lesceos
444 1381 505 1453 ilie
530 1399 589 1452 rex
616 1381 709 1452 intra
729 1399 860 1471 paucos
880 1379 957 1452 dies
977 1387 1084 1451 totam
1107 1381 1243 1452 italiam
1265 1400 1352 1454 suae
1428 1453 1430 1459 .

287 1499 434 1576 ditionis
469 1505 573 1586 iecit;
602 1525 673 1595 quo
710 1504 844 1586 clerici,
872 1505 993 1578 relicta
1024 1504 1223 1586 dialectica,
1249 1506 1352 1579 avide
1429 1588 1432 1594 ,

287 1627 492 1700 Latinorum
513 1630 642 1701 titteris
663 1628 875 1710 studehant;
898 1647 969 1718 quo
994 1630 1150 1719 denique
1176 1636 1210 1700 et
1235 1648 1293 1702 rer
1318 1639 1353 1703 et

284 1750 395 1824 daucos
409 1753 633 1845 Burgundiae
645 1753 986 1848 hureiianensisque
1002 1760 1035 1826 et
1049 1754 1153 1826 ceteri
1170 1755 1355 1846 principes·

285 1877 446 1948 certatim
473 1879 613 1968 ‘litteris
652 1877 835 1960 favebant,
871 1879 900 1949 si
940 1879 1021 1967 quis
1059 1879 1142 1962 illo,
1179 1880 1350 1974 inquam,

287 2000 428 2071 saecun
458 2001 641 2093 ingenium
669 2009 704 2072 et
732 2002 801 2086 vim
837 2002 1009 2092 poeticam
1042 2001 1200 2075 defuisse
1231 2012 1350 2095 putat,

286 2111 393 2215 longe
412 2125 712 2216 vehementerque
731 2133 838 2198 errat.

336 2249 458 2339 Neque
479 2251 722 2354 necessaium,
745 2260 783 2322 ut
803 2253 904 2342 vulgo
918 2251 1086 2335 creditur,
1109 2254 1244 2344 ingenii
1266 2273 1353 2344 pau·

288 2381 459 2463 pertatem
473 2375 665 2448 minutiore
678 2394 845 2448 versuum
859 2395 943 2446 cura
959 2385 993 2448 et
1006 2378 1205 2466 sollertiore
1220 2379 1354 2450 callidi-

291 2505 361 2570 tate
376 2498 558 2588 adjuvari;
577 2501 687 2572 immo
705 2519 785 2572 vero
802 2519 884 2571 cura
901 2508 935 2572 et
951 2501 1126 2574 calliditas
1144 2503 1205 2574 illa
1220 2503 1353 2594 ingenii

290 2629 534 2713 paupertatem
565 2625 736 2697 iecerunt.
770 2625 957 2707 httamen,
988 2625 1085 2714 quod
1119 2627 1262 2717 saepius
1290 2627 1352 2706 ht.

273 2746 410 2826 ‚torsan
431 2749 549 2821 evenit
570 2774 578 2820 :
601 2749 746 2830 scilicet,
763 2749 951 2840 postquam
973 2751 1118 2823 effectus
1138 2752 1291 2842 quadam
1313 2771 1355 2824 ex

292 2891 399 2943 causa
414 2881 518 2946 natus
537 2882 624 2957 erat,
645 2874 722 2964 ipse
737 2874 806 2944 vim
823 2893 950 2946 causae
967 2877 1107 2957 hahuit,
1126 2877 1174 2948 ita
1193 2884 1231 2949 ut
1250 2897 1356 2948 causa

291 2995 329 3066 in
350 2996 527 3080 edoctum,
548 2997 692 3070 edoctus
713 2993 837 3070 rursus
858 3000 894 3068 io
917 3019 1059 3071 causam
1082 3008 1289 3074 verteretur.

343 3119 413 3190 Cur
435 3128 553 3192 autem
576 3129 700 3211 poetae
721 3122 837 3212 quinti
868 3122 995 3194 decimi
1018 3126 1151 3196 saecuti
1173 3133 1207 3197 et
1227 3127 1357 3216 prioris

294 3245 404 3335 partis
438 3246 529 3318 sexti
563 3246 689 3318 decimi
723 3247 871 3318 formam
899 3256 1082 3318 externam
1117 3233 1236 3338 [roesis
1267 3249 1356 3320 tanti

294 3368 461 3453 iecerint,
498 3373 688 3462 scriptores
723 3372 861 3444 Artium
896 3373 1104 3444 Rhetoricae
1138 3373 1358 3464 rhythmicae

294 3493 422 3566 docent
449 3513 528 3566 cum
563 3496 698 3586 poesim
729 3502 763 3568 et
787 3496 959 3568 musicam
982 3515 1169 3586 germanas
1199 3515 1277 3570 esse
1306 3497 1358 3569 di·

295 3625 380 3690 cunt
410 3643 418 3690 :
454 3621 584 3692 «Nous
604 3638 714 3692 avons
740 3620 835 3692 deux
858 3621 1063 3711 musiques,
1086 3623 1204 3711 inquit
1229 3624 1371 3693 Eusta‘

293 3743 397 3814 ‘chius
416 3743 460 3816 de
481 3743 638 3835 Campis,
662 3745 750 3816 dont
770 3745 867 3816 l'une
887 3753 941 3817 est
965 3745 1195 3818 artificiale...
1220 3747 1360 3818 L’autre

296 3868 463 3958 musique
479 3876 533 3940 est
551 3869 887 3967 oppeteeinatureie
904 3889 993 3960 pour
1011 3889 1049 3942 co
1066 3871 1197 3960 qu'elia
1215 3889 1258 3940 ne
1275 3877 1360 3959 poet

295 3999 389 4064 estre
408 3994 593 4083 aprinsea
617 3995 679 4065 nul
701 4013 739 4067 se
765 4012 829 4064 son
857 4013 984 4084 propre
1011 3995 1174 4085 cuuraige
1199 3995 1356 4066 naturai·

294 4123 394 4188 ment
414 4134 459 4187 ne
479 4117 521 4188 s’i
542 4119 725 4210 applique.
744 4121 786 4189 Et
801 4125 855 4190 est
871 4137 942 4190 une
961 4119 1127 4208 musique
1143 4118 1187 4192 de
1203 4119 1356 4201 boucha,

218 4225 221 4230 ⁴
297 4260 340 4314 en
370 4241 551 4330 proterant
576 4233 728 4333 perolas.
744 4242 952 4324 munifices,
976 4243 1184 4314 aucuneioiz
1204 4263 1246 4315 en
1269 4244 1356 4325 lain,

298 4366 466 4440 autretniz
487 4384 531 4439 en
551 4367 713 4448 baiadus,
735 4368 903 4440 autrefois
923 4386 967 4440 en
989 4367 1201 4451 modenulam
1218 4368 1358 4460 congios
