3584 5286
892 681 934 698 ..
953 647 992 712 30
1013 679 1051 694 ..

442 785 719 866 aionandrinns,
741 784 899 858 duodeni
928 783 1289 880 mammotrectus),
1318 788 1505 879 rhythmus

444 912 575 1003 duplex
600 908 704 1004 (rime
720 909 917 1002 denotatio),
941 913 1049 983 stulta
1067 911 1201 984 ballota
1224 911 1317 1005 (sotto
1336 910 1501 1005 helladep

494 1037 671 1109 Poematis
692 1034 742 1105 lai
761 1037 935 1108 nominati
957 1035 1071 1126 figura
1083 1038 1157 1126 iam
1179 1039 1362 1128 pauinlum
1388 1037 1506 1114 differt

444 1161 489 1234 ab
515 1180 556 1234 ea
583 1179 691 1253 quam
711 1161 924 1233 Eustachius
941 1161 1149 1254 descripsit;
1176 1162 1234 1234 hio
1260 1162 1355 1234 enim
1381 1181 1506 1234 unam·

445 1285 822 1378 quamqucdnodccim
834 1287 1061 1378 stropharum
1073 1287 1110 1357 in
1123 1286 1212 1358 duas
1225 1292 1343 1378 partes
1353 1285 1503 1368 similes,

444 1412 506 1485 ille
525 1412 564 1483 in
588 1419 755 1503 quattuor
776 1411 916 1484 dividit.

495 1538 587 1622 Quot
606 1536 772 1628 strophas
793 1535 920 1606 oirelec'
938 1537 1071 1610 habero
1096 1544 1256 1628 oporteat
1280 1537 1431 1628 scriptor
1454 1537 1504 1608 si·

448 1662 556 1733 tentio
573 1662 767 1754 praeteriit,
785 1662 849 1734 sed
862 1662 1064 1752 exemplum
1080 1664 1276 1754 praeceptis
1294 1661 1339 1733 ab
1355 1680 1395 1735 ec
1412 1661 1508 1735 addi·

340 1877 343 1884 Ι
447 1795 522 1859 tum
550 1799 569 1858 c
596 1796 765 1878 quattuor
791 1788 970 1878 strophis,
1001 1787 1198 1860 secundum
1219 1788 1313 1878 leges
1338 1787 1506 1858 alacobo

447 1913 573 2004 Magno
595 1910 755 1992 traditas,
771 1919 929 1990 constan
948 1930 1099 2002 quarum
1115 1913 1241 1984 ultima
1256 1913 1407 2004 primam
1425 1931 1507 2002 pro-

447 2037 543 2110 xime
561 2037 734 2118 imitatur,
757 2039 989 2129 interpositae
1010 2056 1109 2116 vero,
1133 2056 1222 2128 quas
1241 2047 1276 2111 et
1296 2039 1508 2110 Eustachins

447 2161 640 2234 attacobus
650 2160 777 2234 iisdem
790 2163 1229 2254 rhythmisatqnecetcras
1240 2162 1358 2234 ornari
1365 2162 1506 2252 jubent,

447 2287 493 2358 iis
514 2304 586 2359 non
603 2287 677 2377 jam
698 2287 930 2377 respondent.

497 2411 1509 2504 Rondeiiisimplicispraeceptainperpancaverbacoacta

448 2543 532 2609 sunt
551 2543 587 2609 et
605 2538 767 2629 exempto
788 2555 861 2609 nno
880 2537 1069 2609 illustrata.
1093 2536 1194 2623 Quod
1214 2555 1295 2609 vero
1317 2535 1446 2607 deinde
1466 2534 1510 2606 de

448 2661 609 2735 rondello
624 2662 765 2754 duplice
780 2671 814 2734 et
829 2663 873 2735 de
890 2662 1062 2734 rondeilis
1079 2662 1266 2735 cantandis
1285 2661 1419 2734 dictum
1440 2667 1508 2741 est,

449 2787 1507 2878 nihilineoestquodautdcdnitumantccrtumhabeamus.

497 2907 670 2985 Decantu
693 2914 800 3004 regati
827 2913 914 2985 haec
936 2913 1043 3004 digna
1063 2921 1147 2985 sunt
1168 2931 1260 3002 qnae
1280 2911 1477 2985 referantur
1499 2935 1507 2980 :

455 3047 470 3102 t
486 3039 606 3110 Chans
622 3057 755 3130 royaux
771 3057 862 3129 pour
876 3045 995 3129 porter
1010 3057 1078 3109 aux
1091 3037 1174 3128 puis
1187 3038 1231 3110 de
1244 3039 1370 3110 Nostro
1385 3039 1508 3116 Deme,

448 3180 493 3235 en
514 3165 547 3234 ia
572 3163 655 3235 viiie
686 3162 730 3235 de
757 3165 890 3255 Dieppe
916 3183 978 3234 sur
1006 3165 1159 3244 tamer,
1191 3170 1225 3235 ot
1249 3181 1322 3234 non
1349 3162 1508 3239 ailleurs

449 3296 530 3360 sont
563 3287 607 3359 dc
638 3291 660 3359 d
694 3288 838 3379 coeptes
871 3297 906 3360 et
936 3288 968 3359 le
1001 3288 1136 3378 prime,
1165 3288 1227 3378 qui
1266 3296 1320 3358 est
1353 3287 1512 3377 appellet

450 3413 608 3505 toarcy,
631 3420 739 3485 otest
765 3411 809 3486 de
839 3417 877 3484 tt
909 3414 1044 3505 lignes,
1071 3389 1248 3486 chascune
1277 3414 1371 3504 ligne
1398 3411 1442 3485 de
1469 3415 1512 3487 td

451 3537 583 3608 silanos
599 3557 646 3608 cu
661 3538 835 3608 mascniin
851 3545 886 3610 et
906 3539 949 3610 de
968 3541 1006 3607 tt
1031 3557 1078 3610 on
1093 3538 1257 3620 femiam,
1274 3546 1309 3610 et
1331 3538 1405 3610 doit
1420 3546 1512 3612 estre

450 3669 584 3734 aceste
604 3664 779 3753 exempto.
802 3691 816 3728 o
848 3665 1057 3755 Exemplum
1086 3670 1141 3736 cst
1164 3665 1331 3736 Colinetti
1354 3662 1512 3734 Brnnetti

452 3796 577 3859 cantus
604 3788 732 3879 regalis
755 3786 800 3858 de
817 3786 940 3866 Miluo,
969 3789 1093 3878 gallice
1117 3785 1358 3876 L’Escooffle‚
1387 3787 1449 3876 qni
1476 3786 1512 3854 in

452 3910 602 3982 concilio
618 3912 783 3982 recitatus
804 3913 958 4001 palmam
978 3913 1072 3983 tuiit.
1357 3983 1358 3986 a

463 4075 466 4082 ,
503 4035 539 4107 Si
556 4035 745 4107 Eustochio
760 4035 896 4117 credas,
911 4054 1074 4126 quaeque
1087 4043 1212 4108 cantus
1226 4038 1353 4128 regalis
1368 4037 1515 4127 stropha

453 4160 635 4242 adecem,
665 4161 831 4233 undecim
861 4162 912 4233 vel
945 4161 1131 4233 duodecim
1159 4163 1321 4234 versinus
1353 4169 1516 4236 constare

453 4284 576 4367 debet,
595 4286 624 4356 si
651 4304 731 4357 vcro
752 4287 861 4377 hujus
886 4286 999 4358 libelli
1027 4287 1211 4378 scriptori,
1239 4286 1425 4371 duodecim
1452 4304 1516 4367 noc

453 4411 535 4500 pius
567 4411 731 4483 minusve
759 4430 882 4483 rersns
910 4410 1156 4510 honoreac,
1183 4429 1228 4484 ne
1254 4412 1397 4484 dubites
1425 4411 1513 4502 quin
