3552 5282
879 591 1038 653 ..72-

430 730 474 803 de
490 729 622 821 quibus
642 729 735 800 intra
750 727 910 800 dicturus
926 745 1020 811 sum,
1042 727 1113 798 alia
1129 711 1343 797 coroocrum
1361 742 1491 818 genera

430 854 669 936 deliniuntur;
686 861 742 926 ‘ut
768 829 867 944 puta,
895 851 925 924 si
953 851 1118 925 ultimum
1144 852 1290 924 verbum
1318 853 1496 944 cujusque

431 998 554 1052 versus
575 977 847 1070 monosyllabon
875 985 929 1050 est
955 986 989 1050 el
1017 976 1111 1050 idem
1139 986 1283 1051 resonat
1308 997 1348 1050 ac
1366 979 1490 1069 penul·

431 1105 509 1178 timi
529 1112 686 1177 extrema
705 1103 842 1195 syllaba
866 1101 877 1196 (
902 1103 929 1193 ).

480 1230 565 1320 Cap.
586 1231 632 1300 X.
657 1253 673 1293 ‹
694 1229 760 1300 Pro
781 1227 951 1300 misteriis
970 1226 1220 1318 compilandis,
1243 1227 1412 1309 cronicis,
1436 1246 1492 1299 ro·

432 1354 600 1436 manciis,
623 1361 657 1426 et
677 1352 870 1426 historicis.
901 1381 916 1418 a
950 1355 983 1425 ls
1011 1362 1065 1425 est
1089 1353 1234 1444 quidem
1255 1354 1380 1445 capitis
1404 1353 1491 1426 titu-

434 1481 506 1561 lus,
528 1480 777 1552 materialem
802 1479 833 1551 ei
861 1480 1007 1550 minime
1035 1479 1246 1571 respondet,
1269 1497 1351 1551 nam
1377 1477 1421 1550 de
1448 1479 1492 1550 iis

431 1611 570 1676 tantum
589 1622 681 1695 qnae
697 1603 742 1674 ad
761 1622 902 1676 scenam
919 1611 1182 1695 componuntur
1195 1603 1327 1676 tabulis
1343 1603 1493 1693 scriptor

433 1735 558 1802 tractat
581 1727 652 1822 (ἲ),
675 1747 792 1819 neque
818 1730 967 1820 tragicas
993 1749 1014 1800 a
1038 1729 1182 1802 comicis
1207 1728 1355 1813 dividit,
1376 1746 1493 1819 neque

433 1855 554 1926 omnia
574 1873 665 1945 quae
684 1854 729 1927 ad
750 1855 925 1927 scenicam
943 1874 1016 1926 rom
1037 1856 1218 1946 pertinent
1235 1862 1421 1946 praecepta
1438 1873 1494 1926 or·

433 1978 578 2071 primit,
600 1978 663 2050 sed
690 1979 777 2050 haec
801 1978 1027 2052 solummodo
1050 2005 1058 2050 :
1080 1999 1126 2052 ne
1150 1982 1270 2072 plures
1294 1997 1381 2052 nere
1405 1997 1499 2076 pan--

435 2103 547 2174 ciores
564 2104 662 2193 justo
678 2111 814 2176 aciones
834 2104 1068 2186 inducantur;
1087 2105 1226 2178 nobiles
1245 2123 1417 2196 personas
1435 2123 1494 2177 ue·
1569 2119 1571 2124 ·

435 2246 534 2300 cesse
561 2235 616 2300 est
641 2228 763 2300 famuli
788 2230 1019 2314 comitentur;
1040 2230 1198 2301 carmina
1216 2228 1281 2299 tais
1299 2237 1334 2300 et
1354 2226 1497 2298 ciretuis

436 2352 529 2425 dicta
554 2353 592 2425 iu
617 2372 781 2426 sermone
810 2355 1032 2434 inserantur:
1063 2372 1226 2445 quaeque
1251 2372 1404 2445 persona
1432 2371 1496 2445 pro

436 2497 501 2550 sua
520 2477 726 2550 conditione
746 2480 926 2570 loquatur.

372 2659 374 2663 ,
484 2604 575 2675 Num
600 2605 843 2676 lniortnnatns
871 2605 1007 2695 aliquid
1029 2625 1049 2677 e
1068 2606 1247 2696 prioribus
1271 2607 1332 2697 qni
1357 2611 1498 2679 exstant

436 2727 474 2798 in
508 2747 614 2799 suum
652 2729 844 2820 redegerit,
878 2748 1028 2821 operosa
1065 2749 1121 2802 res
1159 2739 1253 2802 esset
1289 2731 1494 2822 exquirere,

438 2871 504 2924 neo
524 2871 652 2944 operae
676 2856 843 2944 pretium.
868 2854 969 2940 Quod
994 2855 1089 2926 euim
1117 2875 1196 2927 cum
1224 2857 1269 2928 iis
1303 2857 1425 2948 aliqua
1454 2875 1497 2928 ex

437 2984 538 3070 parte
564 2986 752 3068 congruat,
777 2978 915 3050 nullum
941 2997 1060 3050 verum
1088 2978 1125 3050 id
1148 2989 1395 3072 argumentum
1423 2988 1494 3063 ost,

439 3121 518 3174 cnm
553 3122 625 3175 non
657 3122 757 3175 snam
792 3104 947 3195 quisquc
981 3104 1193 3178 sententiam
1229 3105 1273 3177 de
1306 3113 1495 3195 antepro-

439 3226 532 3300 titeri
570 3228 728 3311 soleant,
764 3229 827 3302 sed
860 3238 1046 3321 praecepta
1082 3231 1175 3303 inter
1210 3251 1335 3304 omnes
1370 3249 1496 3304 coure-

441 3353 577 3425 nientia
599 3354 775 3446 vulgoque
800 3356 1040 3446 comprobata.
1069 3357 1273 3438 Praeterea,
1300 3365 1339 3429 ut
1363 3357 1499 3449 priores

441 3477 601 3550 imitatus
628 3478 692 3560 sit.
726 3497 871 3552 necesse
899 3488 1018 3552 tamen
1045 3480 1112 3552 init
1137 3499 1218 3553 eum
1243 3500 1408 3554 versuum
1435 3501 1499 3552 nu-

442 3620 538 3675 mero
559 3604 808 3696 rhythmisque
826 3605 992 3697 impediri
1010 3606 1205 3696 quominus
1226 3607 1332 3679 verba
1351 3608 1428 3698 ipsa
1448 3626 1499 3679 rc·

597 3905 598 3908 Ἴ
628 3925 671 3975 On
687 3940 704 3974 a
718 3926 813 3975 chaval
827 3930 890 3976 sont
905 3940 955 3989 par
968 3927 1042 3976 leurs
1058 3930 1300 3988 comsummata,

628 4015 703 4064 Ponr
716 4029 747 4064 co
762 4016 842 4079 qn’ils
857 4020 920 4090 sont
934 4031 984 4080 par
998 4018 1034 4066 tel
1049 4021 1132 4067 ordre
1148 4019 1329 4069 macunen...

473 4103 506 4167 (l)
632 4105 962 4156 Guerrealaictmainct
978 4108 1094 4156 chatatet
1110 4110 1145 4156 let
1225 4091 1228 4097 ‘

628 4194 662 4243 m
676 4194 794 4243 maincte
810 4197 981 4245 bonnevilla
997 4198 1070 4258 ville,

628 4281 662 4332 Et
677 4283 753 4346 geste
768 4285 871 4333 mainct
885 4285 1011 4347 gardinet
1027 4290 1103 4337 rtet„
1120 4283 1170 4347 (Ex
1184 4285 1264 4335 Fabri
1276 4286 1361 4349 Arte).

474 4370 506 4434 (il
635 4371 699 4422 S’en
713 4361 910 4436 por'sonnaiges
924 4373 979 4423 l’on
994 4374 1070 4424 voult
1084 4373 1161 4423 taire.
1178 4392 1182 4396 ·
