3584 5286
885 574 1045 634 ..16-

435 714 522 788 lnde
547 712 644 804 apud
664 712 844 804 principes
870 714 908 784 in
939 731 1067 804 magno
1091 713 1228 785 honore
1251 713 1449 803 permansit
1466 719 1501 784 et

434 836 654 930 gravissimis
675 836 838 909 factionis
858 837 1064 910 auctoribus
1085 855 1225 929 semper
1244 837 1501 910 adnumeratus

434 970 488 1036 est
511 959 576 1056 (l).
1508 1058 1511 1062 ἡ

485 1085 642 1160 Plurima
662 1104 770 1176 opera
793 1085 950 1176 reliquit,
975 1104 1128 1175 qnorum
1149 1087 1320 1178 pleraque
1340 1086 1500 1159 nondum

435 1210 543 1282 edita.
561 1211 601 1282 ln
616 1209 741 1282 Cerilli
755 1210 846 1281 libro
860 1217 1131 1283 enumerantur.
1150 1212 1501 1284 Praestantissimum

436 1323 491 1406 est
516 1333 791 1426 Soploloqium,
822 1334 1010 1407 desinente
1036 1342 1163 1424 quarto
1194 1334 1332 1407 decimo
1361 1336 1503 1409 saeculo

437 1458 627 1552 seriptum,
650 1466 927 1550 excerptnmque
953 1477 1032 1531 ‹en
1057 1459 1161 1532 dietis
1181 1467 1365 1552 poetarum
1391 1459 1503 1551 preci·
1623 1438 1628 1446 ’

436 1600 506 1674 pne
526 1607 561 1654 u.
586 1584 701 1673 Hujus
729 1583 813 1655 libri
835 1607 853 1650 <r
873 1584 1026 1657 intentio
1046 1591 1100 1656 est
1119 1584 1289 1657 inducere
1309 1585 1500 1677 legentium

436 1705 576 1778 animos
596 1705 642 1777 ad
660 1724 817 1779 amorem
842 1708 1030 1798 sapientie.
1063 1708 1242 1781 Dividitur
1266 1716 1384 1781 autem
1412 1707 1503 1780 liber

437 1848 585 1921 presens
600 1831 638 1900 in
654 1837 725 1903 tres
741 1831 853 1903 libros
868 1832 1037 1923 partiales
1061 1856 1069 1902 :
1092 1833 1231 1923 primns
1252 1839 1306 1905 est
1321 1832 1365 1904 de
1382 1850 1504 1904 amore

437 1955 630 2046 sapientie,
654 1955 834 2028 secundus
863 1955 907 2029 de
934 1974 1056 2029 amore
1085 1957 1274 2039 virtutum,
1301 1956 1432 2030 tersius
1460 1955 1504 2027 de

436 2077 664 2151 institutione
684 2085 855 2151 statuum.
879 2107 894 2144 »

486 2203 741 2294 Sopnologinm
770 2204 923 2277 lacobus
954 2206 1032 2296 ipse
1067 2224 1149 2278 mox
1182 2205 1308 2296 gallico
1341 2223 1505 2278 sermone

439 2328 634 2402 transtulit.
667 2353 685 2394 «
707 2331 783 2402 Nun
814 2337 931 2402 tamen
960 2330 1065 2402 verbo
1093 2330 1304 2401 adverbum
1330 2330 1504 2420 integram

438 2453 698 2525 sententiarum
734 2454 860 2525 seriem
900 2454 1075 2540 reddidit;
1106 2455 1218 2525 multa
1250 2455 1344 2525 eninr
1372 2455 1505 2525 omissa

438 2585 536 2657 sunt,
560 2578 672 2650 multa
697 2597 822 2650 rursus
848 2578 971 2651 addita
1002 2576 1105 2671 (ill

487 2703 585 2794 Opus
605 2703 657 2774 sie
675 2711 882 2776 renovatum
903 2704 940 2774 in
962 2703 1051 2775 duas
1069 2710 1188 2794 partes
1209 2703 1394 2786 dividitur,
1421 2723 1505 2794 qua-

439 2848 517 2899 rum
536 2828 637 2899 alleri
658 2825 850 2919 Arehr‘loqe
868 2826 1017 2918 Sophia,
1041 2827 1144 2900 alteri
1173 2825 1283 2898 Livre
1303 2829 1347 2897 de
1366 2827 1506 2898 Bonnes

437 2950 563 3021 Meurs
581 2951 707 3023 titulus
728 2951 950 3023 inscribitur.

487 3076 696 3165 archilogus
710 3075 878 3166 Sophiae,
897 3076 989 3148 sient
1004 3077 1155 3157 videtur,
1168 3085 1251 3150 ante
1263 3096 1398 3148 annum
1413 3079 1504 3148 lloi
1540 3063 1544 3070 ⁴

439 3200 592 3291 scriptus
610 3196 691 3279 init,
705 3218 784 3271 aum
801 3200 848 3272 sit
863 3199 1047 3273 deuiaatus
1064 3227 1072 3272 :
1094 3202 1231 3274 «atres
1247 3202 1355 3273 noble
1369 3201 1502 3291 prime,

439 3324 510 3396 tres
534 3324 699 3414 puissanl
720 3322 891 3396 redeunte
913 3325 1092 3416 seigneur,
1116 3328 1219 3418 Lnys,
1243 3324 1300 3397 lils
1318 3326 1363 3398 de
1380 3345 1443 3419 roy
1462 3325 1506 3398 de

440 3449 593 3528 inance,
627 3446 697 3519 dus
728 3447 976 3520 d'0rleans.›
1014 3450 1153 3521 Etenim
1188 3450 1286 3522 haud
1316 3450 1506 3522 verisimile

438 3572 717 3662 apparatuum
749 3573 849 3644 multi
867 3575 940 3664 jam
970 3575 1313 3655 animadverterunt,
1337 3574 1505 3645 alacnlm

438 3697 624 3787 prologum
649 3696 761 3769 luisse
780 3697 966 3788 seriptum,
985 3699 1059 3789 jam
1088 3700 1246 3772 conlecta
1266 3701 1426 3771 oratione
1445 3699 1507 3769 illa

373 3894 385 3906 „
439 3820 476 3891 in
496 3840 580 3911 qua,
598 3821 656 3892 die
677 3822 1076 3902 Ascensinnisllnmini‚
1098 3842 1192 3893 anrro
1214 3827 1320 3905 leot,
1336 3822 1502 3895 eumdem

438 3944 563 4016 ducem
584 3952 656 4016 tam
678 3945 850 4018 violenter
869 3948 1069 4037 vituperare
1088 3966 1198 4018 ausus
1216 3957 1282 4020 est.

469 4252 503 4315 (1)
517 4252 558 4304 Of.
575 4250 690 4312 (invilla,
706 4267 732 4315 p.
749 4253 762 4302 3
778 4257 806 4302 et
818 4267 877 4316 sqq.

471 4339 503 4403 (i)
518 4339 634 4403 curilis,
651 4355 678 4402 p.
695 4341 725 4390 62
738 4347 765 4389 el
781 4341 832 4403 63„
