<?xml version="1.0" encoding="UTF-8"?>
<!DOCTYPE html PUBLIC "-//W3C//DTD XHTML 1.0 Transitional//EN"
    "http://www.w3.org/TR/xhtml1/DTD/xhtml1-transitional.dtd">
<html xmlns="http://www.w3.org/1999/xhtml" xml:lang="en" lang="en">
 <head>
  <title>
</title>
<meta http-equiv="Content-Type" content="text/html;charset=utf-8" />
  <meta name='ocr-system' content='tesseract 3.04.00' />
  <meta name='ocr-capabilities' content='ocr_page ocr_carea ocr_par ocr_line ocrx_word'/>
</head>
<body>
  <div class='ocr_page' id='page_1' title='image "./deartibusrhetor00langgoog_0061.png"; bbox 0 0 3584 5286; ppageno 0'>
   <div class='ocr_carea' id='block_1_1' title="bbox 915 671 1074 735">
    <p class='ocr_par' dir='ltr' id='par_1_1' title="bbox 915 671 1074 735">
     <span class='ocr_line' id='line_1_1' title="bbox 915 671 1074 735; baseline -0.006 -17"><span class='ocrx_word' id='word_1_1' title='bbox 915 671 1074 735; x_wconf 76' lang='lat'>..50-</span> 
     </span>
    </p>
   </div>
   <div class='ocr_carea' id='block_1_2' title="bbox 398 780 1527 1155">
    <p class='ocr_par' dir='ltr' id='par_1_2' title="bbox 398 780 1527 1155">
     <span class='ocr_line' id='line_1_2' title="bbox 398 780 1523 904; baseline -0.006 -17"><span class='ocrx_word' id='word_1_2' title='bbox 398 780 402 788; x_wconf 35' lang='lat'>⁵</span> <span class='ocrx_word' id='word_1_3' title='bbox 512 813 682 904; x_wconf 80' lang='lat' dir='ltr'>Sequitur</span> <span class='ocrx_word' id='word_1_4' title='bbox 697 811 826 884; x_wconf 90' lang='lat' dir='ltr'>deinde</span> <span class='ocrx_word' id='word_1_5' title='bbox 845 811 966 888; x_wconf 84' lang='lat' dir='ltr'>index.</span> <span class='ocrx_word' id='word_1_6' title='bbox 990 789 1061 902; x_wconf 77' lang='lat' dir='ltr'>q&#39;uo</span> <span class='ocrx_word' id='word_1_7' title='bbox 1077 810 1274 901; x_wconf 86' lang='lat' dir='ltr'>completur</span> <span class='ocrx_word' id='word_1_8' title='bbox 1293 828 1397 904; x_wconf 85' lang='lat' dir='ltr'>opus,</span> <span class='ocrx_word' id='word_1_9' title='bbox 1415 809 1523 882; x_wconf 89' lang='lat' dir='ltr'>octin-</span> 
     </span>
     <span class='ocr_line' id='line_1_3' title="bbox 462 934 1524 1030; baseline -0.007 -19"><span class='ocrx_word' id='word_1_10' title='bbox 462 949 646 1030; x_wconf 80' lang='lat' dir='ltr'>gentarum</span> <span class='ocrx_word' id='word_1_11' title='bbox 659 939 797 1010; x_wconf 87' lang='lat' dir='ltr'>circiter</span> <span class='ocrx_word' id='word_1_12' title='bbox 813 936 1008 1009; x_wconf 79' lang='lat' dir='ltr'>dictionum</span> <span class='ocrx_word' id='word_1_13' title='bbox 1024 936 1118 1007; x_wconf 86' lang='lat' dir='ltr'>inter</span> <span class='ocrx_word' id='word_1_14' title='bbox 1132 953 1170 1007; x_wconf 90' lang='lat' dir='ltr'>se</span> <span class='ocrx_word' id='word_1_15' title='bbox 1186 935 1476 1014; x_wconf 83' lang='lat' dir='ltr'>consonantium,</span> <span class='ocrx_word' id='word_1_16' title='bbox 1487 934 1524 1004; x_wconf 94' lang='lat' dir='ltr'>in</span> 
     </span>
     <span class='ocr_line' id='line_1_4' title="bbox 462 1059 1527 1155; baseline -0.004 -20"><span class='ocrx_word' id='word_1_17' title='bbox 462 1083 534 1155; x_wconf 94' lang='lat' dir='ltr'>quo</span> <span class='ocrx_word' id='word_1_18' title='bbox 552 1063 618 1135; x_wconf 86' lang='lat' dir='ltr'>hoc</span> <span class='ocrx_word' id='word_1_19' title='bbox 638 1062 847 1154; x_wconf 83' lang='lat' dir='ltr'>praesertim</span> <span class='ocrx_word' id='word_1_20' title='bbox 869 1061 1015 1152; x_wconf 80' lang='lat' dir='ltr'>dignum</span> <span class='ocrx_word' id='word_1_21' title='bbox 1036 1059 1202 1151; x_wconf 90' lang='lat' dir='ltr'>estquod</span> <span class='ocrx_word' id='word_1_22' title='bbox 1219 1068 1375 1145; x_wconf 80' lang='lat' dir='ltr'>notetur,</span> <span class='ocrx_word' id='word_1_23' title='bbox 1393 1059 1527 1132; x_wconf 85' lang='lat' dir='ltr'>scilicet</span> 
     </span>
    </p>
   </div>
   <div class='ocr_carea' id='block_1_3' title="bbox 463 1182 1653 1278">
    <p class='ocr_par' dir='ltr' id='par_1_3' title="bbox 463 1182 1653 1278">
     <span class='ocr_line' id='line_1_5' title="bbox 463 1182 1653 1278; baseline -0.008 -20"><span class='ocrx_word' id='word_1_24' title='bbox 463 1187 571 1260; x_wconf 85' lang='lat' dir='ltr'>rerba</span> <span class='ocrx_word' id='word_1_25' title='bbox 596 1206 688 1278; x_wconf 87' lang='lat' dir='ltr'>quae</span> <span class='ocrx_word' id='word_1_26' title='bbox 718 1205 813 1262; x_wconf 92' lang='lat' dir='ltr'>nunc</span> <span class='ocrx_word' id='word_1_27' title='bbox 841 1187 877 1258; x_wconf 86' lang='lat' dir='ltr'>in</span> <span class='ocrx_word' id='word_1_28' title='bbox 904 1185 1060 1278; x_wconf 83' lang='lat' dir='ltr'>syllabas</span> <span class='ocrx_word' id='word_1_29' title='bbox 1083 1207 1151 1254; x_wconf 79' lang='lat' dir='ltr'>eor</span> <span class='ocrx_word' id='word_1_30' title='bbox 1175 1191 1210 1257; x_wconf 89' lang='lat' dir='ltr'>et</span> <span class='ocrx_word' id='word_1_31' title='bbox 1237 1205 1304 1254; x_wconf 81' lang='lat' dir='ltr'>cnr</span> <span class='ocrx_word' id='word_1_32' title='bbox 1331 1182 1522 1276; x_wconf 71' lang='lat' dir='ltr'>(immeto,</span> <span class='ocrx_word' id='word_1_33' title='bbox 1648 1198 1653 1208; x_wconf 91' lang='lat'><strong>·</strong></span> 
     </span>
    </p>
   </div>
   <div class='ocr_carea' id='block_1_4' title="bbox 462 1308 1526 2531">
    <p class='ocr_par' dir='ltr' id='par_1_4' title="bbox 462 1308 1526 1758">
     <span class='ocr_line' id='line_1_6' title="bbox 462 1308 1526 1402; baseline -0.002 -21"><span class='ocrx_word' id='word_1_34' title='bbox 462 1308 593 1402; x_wconf 76' lang='lat' dir='ltr'>sejoor)</span> <span class='ocrx_word' id='word_1_35' title='bbox 629 1319 760 1384; x_wconf 80' lang='lat' dir='ltr'>exeunt</span> <span class='ocrx_word' id='word_1_36' title='bbox 790 1311 883 1388; x_wconf 88' lang='lat' dir='ltr'>inter</span> <span class='ocrx_word' id='word_1_37' title='bbox 912 1329 951 1382; x_wconf 91' lang='lat' dir='ltr'>sc</span> <span class='ocrx_word' id='word_1_38' title='bbox 991 1327 1213 1391; x_wconf 89' lang='lat' dir='ltr'>consonarc;</span> <span class='ocrx_word' id='word_1_39' title='bbox 1249 1309 1457 1400; x_wconf 81' lang='lat' dir='ltr'>primasque</span> <span class='ocrx_word' id='word_1_40' title='bbox 1492 1313 1526 1380; x_wconf 88' lang='lat' dir='ltr'>et</span> 
     </span>
     <span class='ocr_line' id='line_1_7' title="bbox 464 1433 1523 1510; baseline -0.004 -2"><span class='ocrx_word' id='word_1_41' title='bbox 464 1437 640 1510; x_wconf 89' lang='lat' dir='ltr'>secundas</span> <span class='ocrx_word' id='word_1_42' title='bbox 665 1436 802 1508; x_wconf 88' lang='lat' dir='ltr'>vocales</span> <span class='ocrx_word' id='word_1_43' title='bbox 825 1435 1012 1508; x_wconf 85' lang='lat' dir='ltr'>verborum</span> <span class='ocrx_word' id='word_1_44' title='bbox 1039 1440 1141 1504; x_wconf 79' lang='lat' dir='ltr'>rotoe</span> <span class='ocrx_word' id='word_1_45' title='bbox 1162 1442 1198 1507; x_wconf 86' lang='lat' dir='ltr'>et</span> <span class='ocrx_word' id='word_1_46' title='bbox 1220 1433 1325 1505; x_wconf 76' lang='lat' dir='ltr'>haime</span> <span class='ocrx_word' id='word_1_47' title='bbox 1350 1434 1388 1504; x_wconf 90' lang='lat' dir='ltr'>in</span> <span class='ocrx_word' id='word_1_48' title='bbox 1411 1451 1523 1505; x_wconf 89' lang='lat' dir='ltr'>unum</span> 
     </span>
     <span class='ocr_line' id='line_1_8' title="bbox 465 1558 1525 1652; baseline -0.002 -18"><span class='ocrx_word' id='word_1_49' title='bbox 465 1580 593 1634; x_wconf 92' lang='lat' dir='ltr'>sonum</span> <span class='ocrx_word' id='word_1_50' title='bbox 622 1580 695 1633; x_wconf 92' lang='lat' dir='ltr'>non</span> <span class='ocrx_word' id='word_1_51' title='bbox 723 1561 932 1633; x_wconf 81' lang='lat' dir='ltr'>coalescere.</span> <span class='ocrx_word' id='word_1_52' title='bbox 960 1562 1057 1647; x_wconf 83' lang='lat' dir='ltr'>Quae</span> <span class='ocrx_word' id='word_1_53' title='bbox 1084 1559 1229 1652; x_wconf 85' lang='lat' dir='ltr'>propria</span> <span class='ocrx_word' id='word_1_54' title='bbox 1257 1558 1525 1651; x_wconf 81' lang='lat' dir='ltr'>Lothariugicae</span> 
     </span>
     <span class='ocr_line' id='line_1_9' title="bbox 463 1685 719 1758; baseline -0.023 0"><span class='ocrx_word' id='word_1_55' title='bbox 463 1685 603 1758; x_wconf 83' lang='lat' dir='ltr'>dialecti</span> <span class='ocrx_word' id='word_1_56' title='bbox 623 1693 719 1758; x_wconf 90' lang='lat' dir='ltr'>sunt.</span> 
     </span>
    </p>

    <p class='ocr_par' dir='ltr' id='par_1_5' title="bbox 462 1795 1526 2531">
     <span class='ocr_line' id='line_1_10' title="bbox 512 1795 1522 1903; baseline -0.001 -19"><span class='ocrx_word' id='word_1_57' title='bbox 512 1811 669 1886; x_wconf 83' lang='lat' dir='ltr'>Libellus</span> <span class='ocrx_word' id='word_1_58' title='bbox 690 1813 764 1893; x_wconf 84' lang='lat' dir='ltr'>iiie,</span> <span class='ocrx_word' id='word_1_59' title='bbox 789 1829 894 1903; x_wconf 89' lang='lat' dir='ltr'>quem</span> <span class='ocrx_word' id='word_1_60' title='bbox 916 1795 1117 1884; x_wconf 80' lang='lat' dir='ltr'>describere</span> <span class='ocrx_word' id='word_1_61' title='bbox 1136 1811 1241 1884; x_wconf 94' lang='lat' dir='ltr'>modo</span> <span class='ocrx_word' id='word_1_62' title='bbox 1261 1819 1408 1886; x_wconf 84' lang='lat' dir='ltr'>conatus</span> <span class='ocrx_word' id='word_1_63' title='bbox 1429 1830 1522 1892; x_wconf 88' lang='lat' dir='ltr'>sum,</span> 
     </span>
     <span class='ocr_line' id='line_1_11' title="bbox 464 1935 1526 2018; baseline -0.002 -9"><span class='ocrx_word' id='word_1_64' title='bbox 464 1936 555 2010; x_wconf 86' lang='lat' dir='ltr'>adeo</span> <span class='ocrx_word' id='word_1_65' title='bbox 584 1944 785 2009; x_wconf 88' lang='lat' dir='ltr'>contractus</span> <span class='ocrx_word' id='word_1_66' title='bbox 812 1945 884 2018; x_wconf 86' lang='lat' dir='ltr'>cst,</span> <span class='ocrx_word' id='word_1_67' title='bbox 909 1943 948 2009; x_wconf 88' lang='lat' dir='ltr'>ut</span> <span class='ocrx_word' id='word_1_68' title='bbox 967 1938 1056 2008; x_wconf 86' lang='lat' dir='ltr'>mihi</span> <span class='ocrx_word' id='word_1_69' title='bbox 1079 1937 1176 2010; x_wconf 84' lang='lat' dir='ltr'>traud</span> <span class='ocrx_word' id='word_1_70' title='bbox 1194 1936 1344 2009; x_wconf 88' lang='lat' dir='ltr'>dubium</span> <span class='ocrx_word' id='word_1_71' title='bbox 1367 1935 1526 2009; x_wconf 86' lang='lat' dir='ltr'>videatur</span> 
     </span>
     <span class='ocr_line' id='line_1_12' title="bbox 463 2061 1525 2153; baseline -0.002 -19"><span class='ocrx_word' id='word_1_72' title='bbox 463 2064 552 2153; x_wconf 91' lang='lat' dir='ltr'>quin</span> <span class='ocrx_word' id='word_1_73' title='bbox 573 2063 631 2134; x_wconf 88' lang='lat' dir='ltr'>hic</span> <span class='ocrx_word' id='word_1_74' title='bbox 649 2061 799 2152; x_wconf 85' lang='lat' dir='ltr'>scriptor</span> <span class='ocrx_word' id='word_1_75' title='bbox 814 2063 933 2135; x_wconf 75' lang='lat' dir='ltr'>Artem</span> <span class='ocrx_word' id='word_1_76' title='bbox 953 2061 1114 2152; x_wconf 86' lang='lat' dir='ltr'>aliquam</span> <span class='ocrx_word' id='word_1_77' title='bbox 1134 2061 1373 2153; x_wconf 86' lang='lat' dir='ltr'>antiquiorem</span> <span class='ocrx_word' id='word_1_78' title='bbox 1390 2061 1525 2152; x_wconf 85' lang='lat' dir='ltr'>longio-</span> 
     </span>
     <span class='ocr_line' id='line_1_13' title="bbox 464 2186 1525 2280; baseline -0.001 -22"><span class='ocrx_word' id='word_1_79' title='bbox 464 2205 611 2277; x_wconf 86' lang='lat' dir='ltr'>remque</span> <span class='ocrx_word' id='word_1_80' title='bbox 631 2186 676 2258; x_wconf 89' lang='lat' dir='ltr'>ad</span> <span class='ocrx_word' id='word_1_81' title='bbox 695 2206 799 2258; x_wconf 91' lang='lat' dir='ltr'>usum</span> <span class='ocrx_word' id='word_1_82' title='bbox 821 2206 926 2259; x_wconf 93' lang='lat' dir='ltr'>suum</span> <span class='ocrx_word' id='word_1_83' title='bbox 949 2189 985 2258; x_wconf 96' lang='lat' dir='ltr'>in</span> <span class='ocrx_word' id='word_1_84' title='bbox 1005 2188 1112 2260; x_wconf 86' lang='lat' dir='ltr'>breve</span> <span class='ocrx_word' id='word_1_85' title='bbox 1131 2189 1303 2280; x_wconf 79' lang='lat' dir='ltr'>coegerit,</span> <span class='ocrx_word' id='word_1_86' title='bbox 1325 2187 1464 2279; x_wconf 84' lang='lat' dir='ltr'>legibus</span> <span class='ocrx_word' id='word_1_87' title='bbox 1483 2205 1525 2259; x_wconf 81' lang='lat' dir='ltr'>ex</span> 
     </span>
     <span class='ocr_line' id='line_1_14' title="bbox 463 2311 1524 2405; baseline -0.002 -20"><span class='ocrx_word' id='word_1_88' title='bbox 463 2332 505 2385; x_wconf 87' lang='lat' dir='ltr'>aa</span> <span class='ocrx_word' id='word_1_89' title='bbox 523 2314 696 2404; x_wconf 84' lang='lat' dir='ltr'>excerptis</span> <span class='ocrx_word' id='word_1_90' title='bbox 722 2314 855 2404; x_wconf 85' lang='lat' dir='ltr'>quibus</span> <span class='ocrx_word' id='word_1_91' title='bbox 883 2332 1005 2385; x_wconf 87' lang='lat' dir='ltr'>versus</span> <span class='ocrx_word' id='word_1_92' title='bbox 1031 2313 1117 2405; x_wconf 81' lang='lat' dir='ltr'>tingi</span> <span class='ocrx_word' id='word_1_93' title='bbox 1142 2320 1176 2386; x_wconf 88' lang='lat' dir='ltr'>et</span> <span class='ocrx_word' id='word_1_94' title='bbox 1203 2314 1296 2386; x_wconf 88' lang='lat' dir='ltr'>inter</span> <span class='ocrx_word' id='word_1_95' title='bbox 1322 2332 1361 2385; x_wconf 90' lang='lat' dir='ltr'>se</span> <span class='ocrx_word' id='word_1_96' title='bbox 1385 2311 1524 2384; x_wconf 86' lang='lat' dir='ltr'>adnecti</span> 
     </span>
     <span class='ocr_line' id='line_1_15' title="bbox 462 2437 1522 2531; baseline -0.005 -20"><span class='ocrx_word' id='word_1_97' title='bbox 462 2439 581 2531; x_wconf 86' lang='lat' dir='ltr'>potius</span> <span class='ocrx_word' id='word_1_98' title='bbox 603 2458 710 2530; x_wconf 90' lang='lat' dir='ltr'>quam</span> <span class='ocrx_word' id='word_1_99' title='bbox 729 2439 860 2530; x_wconf 87' lang='lat' dir='ltr'>quibus</span> <span class='ocrx_word' id='word_1_100' title='bbox 883 2441 1041 2511; x_wconf 88' lang='lat' dir='ltr'>carmina</span> <span class='ocrx_word' id='word_1_101' title='bbox 1060 2439 1139 2530; x_wconf 87' lang='lat' dir='ltr'>ipsa</span> <span class='ocrx_word' id='word_1_102' title='bbox 1165 2439 1324 2511; x_wconf 90' lang='lat' dir='ltr'>construi</span> <span class='ocrx_word' id='word_1_103' title='bbox 1337 2453 1340 2460; x_wconf 84' lang='grc'><strong>’</strong></span> <span class='ocrx_word' id='word_1_104' title='bbox 1354 2437 1522 2510; x_wconf 83' lang='lat' dir='ltr'>debeant.</span> 
     </span>
    </p>
   </div>
   <div class='ocr_carea' id='block_1_5' title="bbox 0 0 1800 5286">
    <p class='ocr_par' dir='ltr' id='par_1_6' title="bbox 0 0 1800 5286">
     <span class='ocr_line' id='line_1_16' title="bbox 0 0 1800 5286; baseline 0 0"><span class='ocrx_word' id='word_1_105' title='bbox 0 0 1800 5286; x_wconf 95' lang='lat' dir='ltr'> </span> 
     </span>
    </p>
   </div>
  </div>
 </body>
</html>
