3552 5282
274 1502 322 1559 LE
355 1499 489 1558 GRAND
516 1500 565 1557 ET
592 1499 686 1555 vlint
716 1500 793 1556 ART
829 1496 880 1553 DE
919 1495 1058 1554 PLEINE
1083 1474 1333 1562 RHETORIQUE

517 1716 520 1722 “
639 1717 761 1766 Auctore
772 1715 854 1766 Petro
867 1715 965 1765 Febro.

327 2025 390 2096 Hic
414 2025 504 2098 liber
530 2025 701 2115 primum,
728 2023 800 2114 jam
825 2041 866 2094 eo
887 2029 1027 2094 mortuo
1048 2021 1111 2111 qui
1131 2021 1334 2110 scripserat,
1378 2031 1379 2036 ‘

277 2151 543 2242 vulgatusanno
562 2151 668 2230 litt,
686 2149 803 2220 sexies
813 2155 936 2238 postea
946 2146 990 2218 de
1005 2147 1142 2237 integro
1154 2140 1271 2216 editus
1283 2149 1338 2214 est

280 2294 393 2366 usque
412 2274 457 2346 ad
476 2293 611 2346 annum
637 2277 746 2359 lent,
768 2274 857 2345 adeo
877 2289 1046 2363 prospere
1068 2269 1251 2342 successit.
1275 2267 1338 2338 His

280 2398 385 2471 etiam
401 2398 528 2478 diebus
544 2397 652 2470 editio
673 2417 765 2469 nova
784 2397 931 2488 produci
952 2403 1075 2486 coepta
1093 2400 1159 2466 est.

327 2524 384 2595 Nil
404 2523 448 2594 de
468 2523 650 2613 scriptoris
671 2523 740 2595 vita
759 2523 973 2611 accepimus,
1001 2519 1072 2592 nisi
1093 2513 1178 2591 'eum
1207 2518 1341 2589 Retho-

281 2647 374 2740 magi
395 2655 532 2729 natum,
555 2646 791 2719 sacerdotium
813 2647 1015 2718 exercuisse
1036 2644 1073 2714 in
1096 2661 1182 2742 pago
1205 2643 1341 2715 Meraco

282 2781 316 2844 et
336 2773 410 2862 jam
435 2772 505 2844 vita
530 2771 735 2844 defunctum
757 2770 867 2842 luisse
895 2787 966 2859 quo
989 2786 1084 2839 anno
1107 2768 1260 2840 emissus
1289 2773 1343 2838 est

282 2898 359 2988 eius
376 2897 478 2968 liber.
499 2896 680 2968 Nonnulla
699 2913 843 2986 quoque
859 2895 1017 2966 carmina
1037 2895 1226 2984 scripserat
1241 2888 1344 2985 (liet

283 3022 493 3112 opusculum
510 3020 690 3114 quoddam
704 3019 748 3092 de
764 3020 992 3092 immaculata
1007 3017 1245 3109 conceptione
1260 3019 1343 3088 Bea-

283 3152 339 3216 tae
358 3146 488 3218 Mariae
512 3145 522 3241 l
548 3142 577 3239 ).

332 3269 420 3342 Cum
457 3277 575 3342 autem
610 3270 853 3342 infortunatus
886 3269 1100 3341 asseruisset
1133 3267 1343 3340 rhetoricam

284 3396 321 3465 in
343 3393 432 3466 duas
453 3401 573 3486 partes
593 3395 725 3478 nivini,
747 3395 894 3466 alteram
916 3394 959 3466 de
985 3393 1170 3474 versibus,
1199 3393 1345 3463 alteram

285 3519 329 3592 (le
352 3521 469 3592 soluta
489 3522 667 3603 oratione,
690 3520 802 3592 Faber
826 3520 979 3611 etipse,
1007 3518 1130 3591 eadem
1151 3536 1238 3589 usus
1259 3515 1347 3589 divi-

286 3646 400 3727 sione,
423 3647 556 3737 quippe
585 3647 647 3736 qui
671 3665 709 3718 se
735 3645 912 3737 imprimis
938 3644 1148 3717 infortunati
1171 3644 1347 3734 interpre-

287 3779 356 3842 tem
378 3771 527 3864 gesserit
547 3779 581 3842 et
600 3771 704 3861 quasi
725 3771 1007 3862 explanatorem,
1030 3769 1074 3841 de
1101 3779 1253 3859 utraque
1272 3769 1348 3840 dis-

288 3898 374 3968 serit
393 3920 401 3966 :
425 3894 520 3967 unde
539 3896 631 3967 tituli
650 3897 757 3968 verba
783 3895 929 3988 «pleiue
946 3893 1151 3988 rhetoripue.
1174 3921 1189 3958 r

338 4022 494 4094 Priorem
515 4040 596 4093 nero
624 4022 706 4094 libri
727 4028 883 4112 partem,
905 4039 925 4092 a
945 4019 1128 4112 proposito
1157 4038 1236 4092 meo
1264 4020 1349 4091 alic·

322 4289 355 4352 (l)
371 4286 411 4340 Cf.
429 4287 578 4351 Pelnssier,
594 4292 644 4338 loc.
660 4292 717 4345 eit,
734 4303 759 4352 p.
778 4289 813 4341 lt.

323 4378 355 4442 (i)
371 4377 412 4428 Gi.
429 4379 561 4442 Zachalig,
579 4382 629 4429 loc.
646 4381 703 4441 cit,
718 4394 744 4441 p.
758 4379 796 4428 21.
