3552 5282
754 649 913 712 ..79-

303 788 455 880 regalem
477 786 831 877 servantastnmque,
853 786 986 876 quibus
1008 785 1045 856 in
1067 785 1257 877 generibus
1283 791 1364 877 post

304 923 465 1005 quartam
484 913 717 986 masculinam
737 913 910 1004 syllabam
928 930 1069 982 versum
1089 908 1197 982 incidi
1219 927 1364 983 necesse

302 1046 370 1111 est.
393 1039 573 1130 hdditque
587 1040 678 1111 hanc
694 1057 875 1111 caesuram
895 1056 916 1107 a
944 1036 1100 1108 Picardis
1123 1035 1215 1104 riute
1240 1033 1365 1104 balelde

304 1164 418 1235 vacari
445 1165 579 1245 solere,
606 1161 702 1254 quud
730 1161 918 1234 manifesta
946 1161 1133 1233 verborum
1161 1161 1363 1251 depravatio

304 1293 379 1368 est:
400 1288 486 1360 haec
500 1289 595 1360 enim
612 1295 697 1360 sunt
709 1287 882 1360 Malinetti
898 1273 1004 1358 verba
1021 1287 1153 1376 quibus
1169 1285 1362 1357 alluditur:

311 1437 327 1476 ‹
344 1414 396 1483 En
417 1413 564 1504 pareille
583 1414 695 1484 iorme
711 1413 755 1484 de
775 1431 853 1485 vers
869 1413 1008 1483 haitaiu
1028 1430 1066 1482 se
1082 1411 1144 1482 init
1161 1410 1366 1500 rethorique

304 1536 468 1609 batellee.
490 1540 533 1610 Et
552 1547 606 1611 est
625 1537 717 1610 dicte
738 1538 874 1610 hatelee
893 1555 984 1627 pour
999 1554 1037 1608 ce
1057 1535 1187 1626 qn'elle
1209 1553 1284 1606 asa
1305 1553 1363 1606 vo·

305 1659 359 1733 lee
379 1660 423 1733 de
442 1680 634 1735 resonante
649 1681 692 1734 en
708 1660 743 1733 la
757 1661 891 1734 linable
906 1661 1046 1741 sillabe‚
1065 1679 1200 1732 comme
1219 1659 1361 1740 demus,

306 1793 339 1856 et
363 1805 384 1857 a
409 1805 481 1877 ung
500 1794 600 1859 autre
626 1805 691 1860 sun
720 1794 754 1859 et
782 1786 901 1858 raison
932 1805 975 1858 en
1004 1787 1037 1856 la
1058 1783 1120 1856 llll
1142 1785 1297 1876 syllaba,
1321 1803 1364 1855 en

307 1909 464 1982 maniere
484 1910 528 1983 de
547 1911 766 2004 hatellage...
790 1939 805 1976 a
841 1912 979 1998 Quibus
1000 1910 1117 1982 verbis
1146 1906 1367 2000 significatur

306 2052 447 2107 carmen
467 2033 575 2107 tacete
594 2033 687 2120 effici
704 2057 783 2110 cum
803 2045 929 2128 quarta
945 2035 1083 2129 syllaba
1103 2035 1278 2124 cujusque
1298 2053 1367 2106 ver·

306 2177 368 2233 sus
387 2161 423 2232 in
446 2160 652 2253 rhythmum
674 2163 758 2234 exit.

357 2285 482 2357 Postea
517 2304 641 2359 rursus
667 2287 779 2359 Faber
815 2305 960 2358 necesse
997 2303 1076 2357 esse
1111 2286 1213 2357 ducet
1246 2301 1367 2356 versus

307 2416 431 2481 cantus
453 2411 578 2502 regalis
594 2429 636 2483 ex
656 2410 776 2484 decem
798 2411 945 2503 syllabis
969 2418 1143 2489 constent,
1166 2408 1365 2498 additque:

313 2561 328 2599 r
347 2537 389 2607 Et
406 2554 496 2626 pour
516 2553 554 2610 ce
566 2537 653 2626 qn’il
672 2545 726 2609 εει
746 2537 817 2609 dict
834 2536 963 2608 devant
986 2554 1055 2625 que
1070 2534 1303 2606 terminaisnn
1321 2532 1369 2605 ie-

308 2659 445 2734 minine
465 2679 511 2734 ne
529 2661 611 2734 laict
628 2663 730 2753 point
747 2664 866 2753 pleine
883 2661 1033 2752 syllaba,
1051 2661 1075 2730 il
1093 2667 1146 2731 est
1164 2658 1284 2748 reqnis
1299 2677 1368 2749 que

308 2785 342 2855 la
362 2785 421 2855 llll
441 2786 590 2877 syllabe,
612 2788 674 2877 qni
690 2795 743 2859 est
760 2789 792 2858 la
812 2805 947 2877 cauppe
961 2804 1004 2856 en
1025 2785 1152 2874 champ
1168 2785 1279 2875 ruyal‚
1299 2783 1369 2854 soit

309 2910 522 2993 masculine,
544 2930 602 2982 car
627 2912 763 3003 syllab'e
787 2911 959 2983 leminine
983 2929 1004 2980 a
1024 2910 1058 2979 la
1076 2909 1137 2979 llll
1158 2909 1256 2998 place
1277 2907 1369 2978 n’est

309 3052 378 3125 que
396 3035 439 3107 de
458 3036 546 3108 trois
575 3044 609 3109 et
639 3056 678 3108 sa
700 3056 806 3128 passe
830 3034 902 3130 (l).
928 3035 1063 3127 quiesi
1087 3033 1302 3106 diminution
1324 3032 1369 3106 de

309 3177 461 3252 cauppe,
482 3179 528 3232 un
551 3162 619 3234 elle
641 3168 695 3234 est
723 3161 767 3235 de
794 3169 933 3252 quattre
956 3167 990 3233 et
1014 3179 1054 3232 sa
1080 3158 1290 3252 passe.,qni
1316 3165 1370 3231 est

308 3283 484 3358 addition.
509 3311 526 3351 a
549 3288 636 3359 Cum
659 3295 793 3370 antem,
816 3286 877 3358 ubi
898 3304 1015 3359 sermo
1035 3282 1288 3376 suspenditur,
1309 3303 1368 3374 sy-

308 3407 521 3503 nalaepham
542 3411 654 3485 iacere
672 3431 744 3485 nun
764 3413 880 3495 liceat,
896 3410 982 3485 inde
1002 3410 1041 3482 fit
1058 3417 1097 3481 ut
1111 3409 1211 3501 prius
1231 3407 1366 3480 hemis·

256 3633 258 3636 Ι
309 3533 456 3607 tichinm
477 3536 594 3609 littera
614 3544 712 3610 muta
732 3536 950 3610 aterminari
972 3553 1044 3607 nun
1063 3534 1191 3626 possit.
1216 3532 1318 3619 Quod
1338 3531 1369 3603 si

309 3659 457 3731 omnino
472 3679 618 3735 necesse
633 3662 680 3734 sit
695 3669 892 3760 extremum
909 3661 1018 3752 huJus
1036 3657 1253 3731 hemistichii
1268 3657 1370 3729 lemi-

309 3784 434 3855 ninnm
456 3786 715 3868 remansura,
738 3786 933 3859 etiamdum
958 3782 1179 3877 synalaepha
1198 3800 1269 3854 non
1292 3781 1366 3853 liat.

358 3909 451 3982 Haec
465 3910 578 3984 Faber
597 3910 641 3983 de
657 3928 815 3984 caesura.
840 3910 933 3997 Quid
953 3909 1061 4002 igitur
1076 3917 1129 3982 εει
1145 3927 1206 3980 cnr
1226 3906 1271 3980 de
1289 3906 1369 3978 istis

309 4032 594 4108 cavillationibus
615 4036 728 4107 Fabro
745 4033 961 4127 gratuleris?

341 4342 374 4404 (1)
389 4341 438 4393 Sic
448 4339 536 4418 Faber
549 4355 607 4394 eam
619 4345 738 4407 appellat
752 4345 884 4408 syllabam
899 4344 1057 4393 femininam
1073 4357 1143 4406 quae
1157 4355 1301 4392 numerum
1315 4342 1371 4406 syl-

311 4432 433 4484 labarum
449 4433 591 4494 planarum
606 4434 715 4484 excedit
732 4434 838 4497 (gallice
851 4434 951 4497 passe).
