3584 5286
726 635 919 701 .-le-

313 777 412 859 belli,
434 776 597 874 exemplo
617 777 714 860 dcto,
743 774 937 846 ‹rondeoo
954 773 1141 846 rondeloot
1160 799 1178 844 o
1199 775 1367 866 appellet,

313 902 404 974 nillil
423 901 541 974 differt
558 921 581 973 s
599 908 723 974 nostro
745 925 763 968 c
784 899 908 972 triolcc.
930 927 946 966 ι

362 1027 539 1100 Carminis
553 1025 671 1121 salros
685 1025 769 1099 dicti
782 1027 819 1098 in
834 1027 983 1100 Beldelli
996 1027 1089 1100 libro
1100 1032 1190 1118 ,sunt
1205 1032 1373 1117 quartuor

314 1152 490 1244 exempla,
503 1170 524 1225 θ
534 1152 668 1244 quihus
683 1153 928 1246 cognoscimus
943 1154 1012 1225 hoc
1026 1169 1167 1226 carmen
1183 1170 1257 1224 non
1271 1169 1373 1243 prop

312 1285 368 1351 ter
386 1276 584 1360 materiam,
601 1276 716 1350 nostri
737 1276 882 1368 quidem
902 1276 1084 1368 scriptoris
1100 1276 1290 1359 sententie,
1309 1276 1373 1349 sed

314 1408 458 1493 propter
477 1400 625 1492 ligurem
645 1419 711 1473 suo
728 1401 873 1474 nomine
891 1402 1062 1475 donatum
1079 1401 1203 1474 luisse.
1221 1399 1372 1473 Carmen

314 1523 412 1620 quod
435 1525 587 1617 simplex
614 1533 668 1600 est
695 1545 803 1598 onem
827 1534 966 1600 ionium
994 1526 1139 1618 praebet
1165 1526 1370 1618 stropham,

316 1669 407 1742 queo
433 1657 488 1724 esi
510 1667 555 1722 er
578 1650 744 1734 tredecim
765 1651 927 1725 versibus
949 1659 984 1725 et
1005 1651 1145 1724 duobus
1171 1651 1370 1743 rhythmis,

315 1774 441 1848 teriics
478 1779 596 1847 autem
634 1793 757 1848 versos
794 1775 923 1850 similis
961 1784 1015 1852 est
1052 1777 1187 1869 primo,
1222 1776 1373 1850 ultimus

315 1898 486 1973 secondo.
507 1899 658 1972 Carmen
678 1900 775 1991 qood
800 1900 933 1993 duplex
960 1908 1014 1976 est
1039 1920 1058 1976 θ
1084 1901 1225 1975 duobus
1242 1901 1371 1974 carmi·

316 2024 424 2097 nibus
463 2031 622 2107 constet,
658 2025 787 2116 prioris
827 2033 945 2100 aulem
986 2029 1183 2120 comperias
1218 2027 1374 2119 primum
1423 2070 1424 2074 κ

315 2156 350 2224 ot
367 2148 565 2222 secondum
587 2167 726 2222 versum
747 2150 890 2224 eosdem
911 2159 1116 2244 essemque
1143 2152 1368 2226 alteriossc·

316 2274 473 2356 cundum
493 2282 529 2348 et
547 2275 716 2366 primum.
740 2279 792 2349 lle
811 2285 851 2351 ul
869 2278 1020 2370 simplex
1040 2279 1093 2352 sic
1111 2278 1282 2370 figuretur
1304 2301 1313 2348 ι

655 2483 1037 2566 l,2,l.....i;

318 2684 449 2778 duplex
469 2703 551 2758 vcro
573 2710 581 2757 :

476 2891 1221 2979 r,s‚r....o†e‚r,r....r.
1305 2973 1308 2994 Ι

369 3096 443 3167 Ηοθ
461 3113 615 3178 carmen,
638 3095 711 3168 sive
730 3095 882 3188 simplex
898 3097 971 3171 sire
989 3098 1120 3191 duplex
1139 3109 1206 3185 est,
1218 3102 1378 3194 possibile

321 3219 450 3293 dicitur
467 3227 529 3293 aul
554 3219 780 3312 impossibile;
800 3223 973 3313 possibile
991 3232 1109 3298 aulem
1131 3234 1185 3300 cst
1208 3229 1239 3299 si
1262 3235 1378 3320 potest

321 3344 491 3437 intellegi,
513 3345 737 3437 impossihile
755 3346 785 3417 si
805 3365 878 3419 noo
904 3343 969 3440 (l).

351 3638 385 3703 (l)
594 3643 694 3690 Ferme
709 3644 743 3690 de
758 3643 860 3702 simple
874 3644 962 3702 fatres
974 3645 1105 3704 possible.

520 3807 621 3873 Vierge
633 3823 649 3857 e
661 3809 709 3872 qui
723 3808 794 3859 Dieu
809 3823 839 3860 se
853 3811 948 3872 merie,

522 3897 598 3948 Pour
613 3900 722 3949 saulver
737 3900 865 3949 humcine
880 3905 987 3964 nature,

522 3987 623 4050 vierge
637 4003 654 4037 o
671 3989 718 4051 qui
733 3988 804 4038 Dieu
819 4003 849 4039 se
864 3991 949 4040 marie

522 4075 557 4126 Et
571 4078 618 4140 qui
633 4077 657 4127 si
669 4077 752 4142 digno
765 4092 842 4142 mery
857 4094 881 4140 s,

524 4165 579 4226 Qui
593 4167 702 4232 repaire
714 4168 741 4217 le
755 4168 918 4220 iourfaiture

523 4254 653 4316 D’Adam,
669 4257 716 4319 qui
730 4270 801 4307 nous
817 4259 917 4320 injuria

523 4343 593 4393 Toni
605 4343 686 4407 qu¹en
699 4346 776 4395 enier
791 4360 863 4397 nous
878 4348 979 4409 charis,

523 4432 556 4483 Je
570 4437 598 4482 te
614 4447 675 4498 pry,
690 4423 795 4486 saincte
807 4442 940 4499 creature,
