<?xml version="1.0" encoding="UTF-8"?>
<!DOCTYPE html PUBLIC "-//W3C//DTD XHTML 1.0 Transitional//EN"
    "http://www.w3.org/TR/xhtml1/DTD/xhtml1-transitional.dtd">
<html xmlns="http://www.w3.org/1999/xhtml" xml:lang="en" lang="en">
 <head>
  <title>
</title>
<meta http-equiv="Content-Type" content="text/html;charset=utf-8" />
  <meta name='ocr-system' content='tesseract 3.04.00' />
  <meta name='ocr-capabilities' content='ocr_page ocr_carea ocr_par ocr_line ocrx_word'/>
</head>
<body>
  <div class='ocr_page' id='page_1' title='image "./deartibusrhetor00langgoog_0064.png"; bbox 0 0 3584 5286; ppageno 0'>
   <div class='ocr_carea' id='block_1_1' title="bbox 732 617 892 681">
    <p class='ocr_par' dir='ltr' id='par_1_1' title="bbox 732 617 892 681">
     <span class='ocr_line' id='line_1_1' title="bbox 732 617 892 681; baseline 0.025 -19"><span class='ocrx_word' id='word_1_1' title='bbox 732 617 892 681; x_wconf 85' lang='lat'>..53-</span> 
     </span>
    </p>
   </div>
   <div class='ocr_carea' id='block_1_2' title="bbox 276 754 1340 1973">
    <p class='ocr_par' dir='ltr' id='par_1_2' title="bbox 279 754 1340 974">
     <span class='ocr_line' id='line_1_2' title="bbox 281 754 1340 847; baseline 0.002 -23"><span class='ocrx_word' id='word_1_2' title='bbox 281 772 411 827; x_wconf 89' lang='lat' dir='ltr'>nomen</span> <span class='ocrx_word' id='word_1_3' title='bbox 434 754 575 826; x_wconf 91' lang='lat' dir='ltr'>Henrici</span> <span class='ocrx_word' id='word_1_4' title='bbox 592 754 636 826; x_wconf 92' lang='lat' dir='ltr'>de</span> <span class='ocrx_word' id='word_1_5' title='bbox 654 755 758 847; x_wconf 75' lang='lat' dir='ltr'>drop,</span> <span class='ocrx_word' id='word_1_6' title='bbox 776 754 872 845; x_wconf 89' lang='lat' dir='ltr'>quod</span> <span class='ocrx_word' id='word_1_7' title='bbox 889 755 926 825; x_wconf 94' lang='lat' dir='ltr'>in</span> <span class='ocrx_word' id='word_1_8' title='bbox 946 756 1045 826; x_wconf 92' lang='lat' dir='ltr'>nullo</span> <span class='ocrx_word' id='word_1_9' title='bbox 1060 756 1130 827; x_wconf 92' lang='lat' dir='ltr'>alio</span> <span class='ocrx_word' id='word_1_10' title='bbox 1147 755 1340 846; x_wconf 83' lang='lat' dir='ltr'>exemplari</span> 
     </span>
     <span class='ocr_line' id='line_1_3' title="bbox 279 877 525 974; baseline 0.012 -25"><span class='ocrx_word' id='word_1_11' title='bbox 279 879 440 952; x_wconf 81' lang='lat' dir='ltr'>invenias</span> <span class='ocrx_word' id='word_1_12' title='bbox 459 877 525 974; x_wconf 61' lang='lat' dir='ltr'>(lp</span> 
     </span>
    </p>

    <p class='ocr_par' dir='ltr' id='par_1_3' title="bbox 276 1004 1340 1973">
     <span class='ocr_line' id='line_1_4' title="bbox 327 1004 1337 1096; baseline 0.004 -21"><span class='ocrx_word' id='word_1_13' title='bbox 327 1005 393 1075; x_wconf 80' lang='lat' dir='ltr'>Ars</span> <span class='ocrx_word' id='word_1_14' title='bbox 426 1004 506 1086; x_wconf 87' lang='lat' dir='ltr'>illa,</span> <span class='ocrx_word' id='word_1_15' title='bbox 544 1005 587 1076; x_wconf 91' lang='lat' dir='ltr'>de</span> <span class='ocrx_word' id='word_1_16' title='bbox 621 1023 692 1095; x_wconf 87' lang='lat' dir='ltr'>qua</span> <span class='ocrx_word' id='word_1_17' title='bbox 724 1007 918 1095; x_wconf 85' lang='lat' dir='ltr'>loquimur,</span> <span class='ocrx_word' id='word_1_18' title='bbox 955 1025 1061 1096; x_wconf 89' lang='lat' dir='ltr'>saepe</span> <span class='ocrx_word' id='word_1_19' title='bbox 1089 1006 1233 1078; x_wconf 89' lang='lat' dir='ltr'>laudata</span> <span class='ocrx_word' id='word_1_20' title='bbox 1266 1014 1337 1088; x_wconf 90' lang='lat' dir='ltr'>est,</span> 
     </span>
     <span class='ocr_line' id='line_1_5' title="bbox 277 1127 1339 1222; baseline 0.003 -23"><span class='ocrx_word' id='word_1_21' title='bbox 277 1129 423 1200; x_wconf 91' lang='lat' dir='ltr'>nomine</span> <span class='ocrx_word' id='word_1_22' title='bbox 451 1147 590 1219; x_wconf 79' lang='lat' dir='ltr'>semper</span> <span class='ocrx_word' id='word_1_23' title='bbox 620 1127 763 1201; x_wconf 90' lang='lat' dir='ltr'>Henrici</span> <span class='ocrx_word' id='word_1_24' title='bbox 792 1130 836 1200; x_wconf 89' lang='lat' dir='ltr'>de</span> <span class='ocrx_word' id='word_1_25' title='bbox 862 1132 953 1222; x_wconf 84' lang='lat' dir='ltr'>Croy</span> <span class='ocrx_word' id='word_1_26' title='bbox 981 1130 1123 1212; x_wconf 89' lang='lat' dir='ltr'>addilo;</span> <span class='ocrx_word' id='word_1_27' title='bbox 1154 1150 1339 1221; x_wconf 87' lang='lat' dir='ltr'>nunquam</span> 
     </span>
     <span class='ocr_line' id='line_1_6' title="bbox 278 1252 1339 1345; baseline 0 -20"><span class='ocrx_word' id='word_1_28' title='bbox 278 1273 358 1327; x_wconf 85' lang='lat' dir='ltr'>vero</span> <span class='ocrx_word' id='word_1_29' title='bbox 381 1253 515 1328; x_wconf 88' lang='lat' dir='ltr'>mentio</span> <span class='ocrx_word' id='word_1_30' title='bbox 539 1252 579 1325; x_wconf 85' lang='lat' dir='ltr'>lit</span> <span class='ocrx_word' id='word_1_31' title='bbox 605 1255 700 1326; x_wconf 78' lang='lat' dir='ltr'>Artis</span> <span class='ocrx_word' id='word_1_32' title='bbox 728 1274 748 1325; x_wconf 95' lang='lat' dir='ltr'>a</span> <span class='ocrx_word' id='word_1_33' title='bbox 767 1255 951 1327; x_wconf 89' lang='lat' dir='ltr'>Molinetto</span> <span class='ocrx_word' id='word_1_34' title='bbox 972 1256 1208 1345; x_wconf 89' lang='lat' dir='ltr'>compositae,</span> <span class='ocrx_word' id='word_1_35' title='bbox 1231 1273 1339 1344; x_wconf 89' lang='lat' dir='ltr'>quam</span> 
     </span>
     <span class='ocr_line' id='line_1_7' title="bbox 279 1381 1338 1471; baseline -0.002 -19"><span class='ocrx_word' id='word_1_36' title='bbox 279 1389 396 1468; x_wconf 87' lang='lat' dir='ltr'>tamen</span> <span class='ocrx_word' id='word_1_37' title='bbox 415 1390 554 1454; x_wconf 85' lang='lat' dir='ltr'>exstare</span> <span class='ocrx_word' id='word_1_38' title='bbox 570 1381 736 1452; x_wconf 79' lang='lat' dir='ltr'>nonnulli</span> <span class='ocrx_word' id='word_1_39' title='bbox 753 1387 941 1461; x_wconf 80' lang='lat' dir='ltr'>noverunt,</span> <span class='ocrx_word' id='word_1_40' title='bbox 958 1398 1138 1471; x_wconf 89' lang='lat' dir='ltr'>quamque</span> <span class='ocrx_word' id='word_1_41' title='bbox 1153 1398 1338 1470; x_wconf 85' lang='lat' dir='ltr'>nunquam</span> 
     </span>
     <span class='ocr_line' id='line_1_8' title="bbox 278 1505 1337 1579; baseline -0.004 -1"><span class='ocrx_word' id='word_1_42' title='bbox 278 1507 409 1579; x_wconf 89' lang='lat' dir='ltr'>editam</span> <span class='ocrx_word' id='word_1_43' title='bbox 446 1505 558 1578; x_wconf 90' lang='lat' dir='ltr'>luisse</span> <span class='ocrx_word' id='word_1_44' title='bbox 592 1524 717 1577; x_wconf 92' lang='lat' dir='ltr'>omnes</span> <span class='ocrx_word' id='word_1_45' title='bbox 750 1505 907 1577; x_wconf 45' lang='lat' dir='ltr'>ducunt*</span> <span class='ocrx_word' id='word_1_46' title='bbox 935 1505 1117 1576; x_wconf 90' lang='lat' dir='ltr'>invenitur</span> <span class='ocrx_word' id='word_1_47' title='bbox 1149 1511 1267 1576; x_wconf 89' lang='lat' dir='ltr'>antem</span> <span class='ocrx_word' id='word_1_48' title='bbox 1295 1505 1337 1575; x_wconf 92' lang='lat' dir='ltr'>in</span> 
     </span>
     <span class='ocr_line' id='line_1_9' title="bbox 278 1630 1338 1721; baseline 0 -18"><span class='ocrx_word' id='word_1_49' title='bbox 278 1632 419 1704; x_wconf 93' lang='lat' dir='ltr'>duobus</span> <span class='ocrx_word' id='word_1_50' title='bbox 447 1631 628 1704; x_wconf 76' lang='lat' dir='ltr'>codicibus</span> <span class='ocrx_word' id='word_1_51' title='bbox 658 1631 897 1704; x_wconf 81' lang='lat' dir='ltr'>Bibliothecae</span> <span class='ocrx_word' id='word_1_52' title='bbox 921 1632 1139 1714; x_wconf 88' lang='lat' dir='ltr'>Nationalis,</span> <span class='ocrx_word' id='word_1_53' title='bbox 1161 1649 1181 1704; x_wconf 90' lang='lat' dir='ltr'>e</span> <span class='ocrx_word' id='word_1_54' title='bbox 1206 1630 1338 1721; x_wconf 89' lang='lat' dir='ltr'>quibus</span> 
     </span>
     <span class='ocr_line' id='line_1_10' title="bbox 277 1755 1339 1846; baseline -0.001 -18"><span class='ocrx_word' id='word_1_55' title='bbox 277 1775 372 1829; x_wconf 93' lang='lat' dir='ltr'>unus</span> <span class='ocrx_word' id='word_1_56' title='bbox 409 1757 476 1828; x_wconf 93' lang='lat' dir='ltr'>snb</span> <span class='ocrx_word' id='word_1_57' title='bbox 513 1755 620 1827; x_wconf 91' lang='lat' dir='ltr'>linem</span> <span class='ocrx_word' id='word_1_58' title='bbox 656 1755 773 1846; x_wconf 89' lang='lat' dir='ltr'>quinti</span> <span class='ocrx_word' id='word_1_59' title='bbox 808 1755 935 1827; x_wconf 91' lang='lat' dir='ltr'>decimi</span> <span class='ocrx_word' id='word_1_60' title='bbox 971 1756 1123 1837; x_wconf 87' lang='lat' dir='ltr'>saeculi,</span> <span class='ocrx_word' id='word_1_61' title='bbox 1157 1774 1236 1827; x_wconf 91' lang='lat' dir='ltr'>cum</span> <span class='ocrx_word' id='word_1_62' title='bbox 1271 1755 1339 1827; x_wconf 92' lang='lat' dir='ltr'>boo</span> 
     </span>
     <span class='ocr_line' id='line_1_11' title="bbox 276 1863 1340 1973; baseline -0.003 -20"><span class='ocrx_word' id='word_1_63' title='bbox 276 1881 379 1955; x_wconf 83' lang='lat' dir='ltr'>titulo</span> <span class='ocrx_word' id='word_1_64' title='bbox 410 1881 564 1972; x_wconf 83' lang='lat' dir='ltr'>scriptus</span> <span class='ocrx_word' id='word_1_65' title='bbox 598 1863 685 1954; x_wconf 78' lang='lat' dir='ltr'>est:</span> <span class='ocrx_word' id='word_1_66' title='bbox 725 1879 781 1950; x_wconf 79' lang='lat' dir='ltr'>Uo</span> <span class='ocrx_word' id='word_1_67' title='bbox 814 1881 902 1973; x_wconf 71' lang='lat' dir='ltr'>perir</span> <span class='ocrx_word' id='word_1_68' title='bbox 933 1879 1066 1950; x_wconf 71' lang='lat' dir='ltr'>trottae</span> <span class='ocrx_word' id='word_1_69' title='bbox 1090 1879 1237 1973; x_wconf 73' lang='lat' dir='ltr'>coutpild</span> <span class='ocrx_word' id='word_1_70' title='bbox 1262 1902 1340 1973; x_wconf 79' lang='lat' dir='ltr'>par</span> 
     </span>
    </p>
   </div>
   <div class='ocr_carea' id='block_1_3' title="bbox 151 2002 1341 2100">
    <p class='ocr_par' dir='ltr' id='par_1_4' title="bbox 151 2002 1341 2100">
     <span class='ocr_line' id='line_1_12' title="bbox 151 2002 1341 2100; baseline 0.003 -28"><span class='ocrx_word' id='word_1_71' title='bbox 151 2085 159 2100; x_wconf 36' lang='lat'><em>¹</em></span> <span class='ocrx_word' id='word_1_72' title='bbox 275 2004 420 2076; x_wconf 72' lang='lat' dir='ltr'>ancistro</span> <span class='ocrx_word' id='word_1_73' title='bbox 445 2002 564 2074; x_wconf 78' lang='lat' dir='ltr'>Jetan</span> <span class='ocrx_word' id='word_1_74' title='bbox 591 2005 755 2088; x_wconf 75' lang='lat' dir='ltr'>Molibai,</span> <span class='ocrx_word' id='word_1_75' title='bbox 778 2029 801 2077; x_wconf 85' lang='lat' dir='ltr'>a</span> <span class='ocrx_word' id='word_1_76' title='bbox 826 2005 1059 2077; x_wconf 78' lang='lat' dir='ltr'>l’r&#39;cstroctr&#39;oc</span> <span class='ocrx_word' id='word_1_77' title='bbox 1082 2005 1125 2075; x_wconf 87' lang='lat' dir='ltr'>de</span> <span class='ocrx_word' id='word_1_78' title='bbox 1151 2005 1255 2077; x_wconf 85' lang='lat' dir='ltr'>ceuloc</span> <span class='ocrx_word' id='word_1_79' title='bbox 1279 2006 1341 2100; x_wconf 81' lang='lat' dir='ltr'>qui</span> 
     </span>
    </p>
   </div>
   <div class='ocr_carea' id='block_1_4' title="bbox 276 2119 1429 3850">
    <p class='ocr_par' dir='ltr' id='par_1_5' title="bbox 276 2119 1339 2474">
     <span class='ocr_line' id='line_1_13' title="bbox 276 2119 1336 2225; baseline 0.007 -27"><span class='ocrx_word' id='word_1_80' title='bbox 276 2130 414 2202; x_wconf 74' lang='lat' dir='ltr'>oearletd</span> <span class='ocrx_word' id='word_1_81' title='bbox 433 2119 619 2222; x_wconf 70' lang='lat' dir='ltr'>apraedre‘</span> <span class='ocrx_word' id='word_1_82' title='bbox 634 2130 717 2202; x_wconf 79' lang='lat' dir='ltr'>l’urt</span> <span class='ocrx_word' id='word_1_83' title='bbox 735 2130 775 2200; x_wconf 85' lang='lat' dir='ltr'>de</span> <span class='ocrx_word' id='word_1_84' title='bbox 793 2130 1012 2225; x_wconf 81' lang='lat' dir='ltr'>rhetoriqee;</span> <span class='ocrx_word' id='word_1_85' title='bbox 1035 2133 1124 2203; x_wconf 86' lang='lat' dir='ltr'>aller</span> <span class='ocrx_word' id='word_1_86' title='bbox 1144 2150 1238 2212; x_wconf 86' lang='lat' dir='ltr'>vero,</span> <span class='ocrx_word' id='word_1_87' title='bbox 1257 2150 1336 2205; x_wconf 82' lang='lat' dir='ltr'>sae·</span> 
     </span>
     <span class='ocr_line' id='line_1_14' title="bbox 277 2255 1339 2347; baseline 0 -21"><span class='ocrx_word' id='word_1_88' title='bbox 277 2256 355 2327; x_wconf 93' lang='lat' dir='ltr'>culo</span> <span class='ocrx_word' id='word_1_89' title='bbox 375 2255 630 2328; x_wconf 83' lang='lat' dir='ltr'>sextodecimo</span> <span class='ocrx_word' id='word_1_90' title='bbox 650 2257 890 2347; x_wconf 89' lang='lat' dir='ltr'>compositus,</span> <span class='ocrx_word' id='word_1_91' title='bbox 912 2257 1148 2330; x_wconf 89' lang='lat' dir='ltr'>inscribitur:</span> <span class='ocrx_word' id='word_1_92' title='bbox 1169 2255 1273 2326; x_wconf 81' lang='lat' dir='ltr'>L&#39;ort</span> <span class='ocrx_word' id='word_1_93' title='bbox 1295 2256 1339 2326; x_wconf 84' lang='lat' dir='ltr'>de</span> 
     </span>
     <span class='ocr_line' id='line_1_15' title="bbox 276 2379 1224 2474; baseline 0.004 -26"><span class='ocrx_word' id='word_1_94' title='bbox 276 2379 476 2474; x_wconf 74' lang='lat' dir='ltr'>rectorique</span> <span class='ocrx_word' id='word_1_95' title='bbox 502 2383 660 2473; x_wconf 72' lang='lat' dir='ltr'>cumpace</span> <span class='ocrx_word' id='word_1_96' title='bbox 672 2401 751 2474; x_wconf 80' lang='lat' dir='ltr'>por</span> <span class='ocrx_word' id='word_1_97' title='bbox 769 2380 914 2451; x_wconf 77' lang='lat' dir='ltr'>maistre</span> <span class='ocrx_word' id='word_1_98' title='bbox 932 2379 1051 2452; x_wconf 73' lang='lat' dir='ltr'>Jelran</span> <span class='ocrx_word' id='word_1_99' title='bbox 1067 2379 1224 2452; x_wconf 77' lang='lat' dir='ltr'>Medinat.</span> 
     </span>
    </p>

    <p class='ocr_par' dir='ltr' id='par_1_6' title="bbox 277 2506 1339 3099">
     <span class='ocr_line' id='line_1_16' title="bbox 325 2506 1339 2598; baseline -0.001 -20"><span class='ocrx_word' id='word_1_100' title='bbox 325 2506 497 2579; x_wconf 89' lang='lat' dir='ltr'>Molinetti</span> <span class='ocrx_word' id='word_1_101' title='bbox 525 2525 673 2598; x_wconf 91' lang='lat' dir='ltr'>prorsus</span> <span class='ocrx_word' id='word_1_102' title='bbox 700 2507 845 2580; x_wconf 90' lang='lat' dir='ltr'>libellus</span> <span class='ocrx_word' id='word_1_103' title='bbox 870 2507 966 2578; x_wconf 88' lang='lat' dir='ltr'>baud</span> <span class='ocrx_word' id='word_1_104' title='bbox 992 2507 1180 2578; x_wconf 90' lang='lat' dir='ltr'>dissimilis</span> <span class='ocrx_word' id='word_1_105' title='bbox 1200 2506 1339 2578; x_wconf 86' lang='lat' dir='ltr'>videtur</span> 
     </span>
     <span class='ocr_line' id='line_1_17' title="bbox 277 2631 1338 2724; baseline 0.001 -22"><span class='ocrx_word' id='word_1_106' title='bbox 277 2633 375 2704; x_wconf 91' lang='lat' dir='ltr'>illius</span> <span class='ocrx_word' id='word_1_107' title='bbox 395 2651 515 2722; x_wconf 83' lang='lat' dir='ltr'>quom,</span> <span class='ocrx_word' id='word_1_108' title='bbox 539 2650 609 2703; x_wconf 93' lang='lat' dir='ltr'>non</span> <span class='ocrx_word' id='word_1_109' title='bbox 630 2633 740 2705; x_wconf 89' lang='lat' dir='ltr'>semel</span> <span class='ocrx_word' id='word_1_110' title='bbox 756 2632 850 2724; x_wconf 84' lang='lat' dir='ltr'>lypis</span> <span class='ocrx_word' id='word_1_111' title='bbox 870 2631 1096 2712; x_wconf 86' lang='lat' dir='ltr'>mandatum,</span> <span class='ocrx_word' id='word_1_112' title='bbox 1122 2632 1272 2704; x_wconf 91' lang='lat' dir='ltr'>Henrieo</span> <span class='ocrx_word' id='word_1_113' title='bbox 1294 2631 1338 2703; x_wconf 90' lang='lat' dir='ltr'>de</span> 
     </span>
     <span class='ocr_line' id='line_1_18' title="bbox 278 2757 1339 2848; baseline 0.004 -22"><span class='ocrx_word' id='word_1_114' title='bbox 278 2757 368 2848; x_wconf 84' lang='lat' dir='ltr'>Croy</span> <span class='ocrx_word' id='word_1_115' title='bbox 388 2757 603 2829; x_wconf 87' lang='lat' dir='ltr'>tribuerunt.</span> <span class='ocrx_word' id='word_1_116' title='bbox 626 2757 798 2829; x_wconf 86' lang='lat' dir='ltr'>Eumdem</span> <span class='ocrx_word' id='word_1_117' title='bbox 818 2757 924 2829; x_wconf 88' lang='lat' dir='ltr'>etiam</span> <span class='ocrx_word' id='word_1_118' title='bbox 952 2758 1136 2848; x_wconf 83' lang='lat' dir='ltr'>prologum</span> <span class='ocrx_word' id='word_1_119' title='bbox 1163 2758 1199 2828; x_wconf 95' lang='lat' dir='ltr'>in</span> <span class='ocrx_word' id='word_1_120' title='bbox 1223 2757 1339 2830; x_wconf 86' lang='lat' dir='ltr'>fronte</span> 
     </span>
     <span class='ocr_line' id='line_1_19' title="bbox 280 2883 1337 2984; baseline 0.002 -32"><span class='ocrx_word' id='word_1_121' title='bbox 280 2883 386 2954; x_wconf 88' lang='lat' dir='ltr'>babet</span> <span class='ocrx_word' id='word_1_122' title='bbox 423 2889 531 2973; x_wconf 85' lang='lat' dir='ltr'>atque</span> <span class='ocrx_word' id='word_1_123' title='bbox 561 2883 870 2957; x_wconf 80' lang='lat' dir='ltr'>membranaceum</span> <span class='ocrx_word' id='word_1_124' title='bbox 910 2883 1127 2984; x_wconf 83' lang='lat' dir='ltr'>Verardinae</span> <span class='ocrx_word' id='word_1_125' title='bbox 1167 2883 1337 2956; x_wconf 89' lang='lat' dir='ltr'>editionis</span> 
     </span>
     <span class='ocr_line' id='line_1_20' title="bbox 279 3008 472 3099; baseline -0.01 -20"><span class='ocrx_word' id='word_1_126' title='bbox 279 3008 472 3099; x_wconf 81' lang='lat' dir='ltr'>exemplar.</span> 
     </span>
    </p>

    <p class='ocr_par' dir='ltr' id='par_1_7' title="bbox 276 3133 1429 3850">
     <span class='ocr_line' id='line_1_21' title="bbox 327 3133 1165 3219; baseline 0.001 -14"><span class='ocrx_word' id='word_1_127' title='bbox 327 3133 394 3219; x_wconf 84' lang='lat' dir='ltr'>Qui</span> <span class='ocrx_word' id='word_1_128' title='bbox 415 3133 527 3206; x_wconf 88' lang='lat' dir='ltr'>libelli</span> <span class='ocrx_word' id='word_1_129' title='bbox 548 3135 616 3206; x_wconf 91' lang='lat' dir='ltr'>hoc</span> <span class='ocrx_word' id='word_1_130' title='bbox 633 3141 770 3206; x_wconf 91' lang='lat' dir='ltr'>tantum</span> <span class='ocrx_word' id='word_1_131' title='bbox 792 3135 886 3207; x_wconf 92' lang='lat' dir='ltr'>iuter</span> <span class='ocrx_word' id='word_1_132' title='bbox 907 3153 945 3207; x_wconf 91' lang='lat' dir='ltr'>se</span> <span class='ocrx_word' id='word_1_133' title='bbox 965 3134 1135 3206; x_wconf 86' lang='lat' dir='ltr'>diderunt</span> <span class='ocrx_word' id='word_1_134' title='bbox 1156 3159 1165 3205; x_wconf 74' lang='grc' dir='ltr'>ε</span> 
     </span>
     <span class='ocr_line' id='line_1_22' title="bbox 296 3259 1429 3352; baseline -0.004 -22"><span class='ocrx_word' id='word_1_135' title='bbox 296 3285 298 3292; x_wconf 58' lang='grc'><strong>“</strong></span> <span class='ocrx_word' id='word_1_136' title='bbox 330 3263 362 3330; x_wconf 85' lang='lat' dir='ltr'>l⁰</span> <span class='ocrx_word' id='word_1_137' title='bbox 389 3261 427 3330; x_wconf 94' lang='lat' dir='ltr'>ln</span> <span class='ocrx_word' id='word_1_138' title='bbox 450 3262 594 3351; x_wconf 84' lang='lat' dir='ltr'>prologo</span> <span class='ocrx_word' id='word_1_139' title='bbox 620 3279 728 3333; x_wconf 95' lang='lat' dir='ltr'>manu</span> <span class='ocrx_word' id='word_1_140' title='bbox 752 3261 883 3352; x_wconf 83' lang='lat' dir='ltr'>scripto</span> <span class='ocrx_word' id='word_1_141' title='bbox 904 3262 1108 3333; x_wconf 88' lang='lat' dir='ltr'>Molinettus</span> <span class='ocrx_word' id='word_1_142' title='bbox 1129 3259 1207 3351; x_wconf 93' lang='lat' dir='ltr'>ipse</span> <span class='ocrx_word' id='word_1_143' title='bbox 1233 3259 1340 3331; x_wconf 86' lang='lat' dir='ltr'>verba</span> <span class='ocrx_word' id='word_1_144' title='bbox 1427 3321 1429 3326; x_wconf 86' lang='lat'><em>.</em></span> 
     </span>
     <span class='ocr_line' id='line_1_23' title="bbox 277 3383 1358 3475; baseline 0 -20"><span class='ocrx_word' id='word_1_145' title='bbox 277 3384 380 3464; x_wconf 64' lang='lat' dir='ltr'>isicii,</span> <span class='ocrx_word' id='word_1_146' title='bbox 409 3383 576 3475; x_wconf 86' lang='lat' dir='ltr'>idemque</span> <span class='ocrx_word' id='word_1_147' title='bbox 607 3386 829 3457; x_wconf 69' lang='lat' dir='ltr'>«dominum</span> <span class='ocrx_word' id='word_1_148' title='bbox 859 3386 1217 3456; x_wconf 79' lang='lat' dir='ltr'>honoratissimum»</span> <span class='ocrx_word' id='word_1_149' title='bbox 1247 3385 1358 3455; x_wconf 86' lang='lat' dir='ltr'>allo·-</span> 
     </span>
     <span class='ocr_line' id='line_1_24' title="bbox 278 3509 1339 3601; baseline 0 -22"><span class='ocrx_word' id='word_1_150' title='bbox 278 3510 413 3598; x_wconf 82' lang='lat' dir='ltr'>ouitur,</span> <span class='ocrx_word' id='word_1_151' title='bbox 431 3528 508 3581; x_wconf 88' lang='lat' dir='ltr'>oum</span> <span class='ocrx_word' id='word_1_152' title='bbox 530 3529 612 3582; x_wconf 90' lang='lat' dir='ltr'>vero</span> <span class='ocrx_word' id='word_1_153' title='bbox 631 3511 668 3580; x_wconf 93' lang='lat' dir='ltr'>in</span> <span class='ocrx_word' id='word_1_154' title='bbox 689 3511 834 3601; x_wconf 84' lang='lat' dir='ltr'>prologo</span> <span class='ocrx_word' id='word_1_155' title='bbox 852 3510 944 3600; x_wconf 87' lang='lat' dir='ltr'>typis</span> <span class='ocrx_word' id='word_1_156' title='bbox 962 3528 1144 3600; x_wconf 82' lang='lat' dir='ltr'>expresso.</span> <span class='ocrx_word' id='word_1_157' title='bbox 1164 3509 1339 3583; x_wconf 88' lang='lat' dir='ltr'>Molinetti</span> 
     </span>
     <span class='ocr_line' id='line_1_25' title="bbox 277 3635 1337 3726; baseline 0.001 -22"><span class='ocrx_word' id='word_1_158' title='bbox 277 3635 423 3708; x_wconf 87' lang='lat' dir='ltr'>nomine</span> <span class='ocrx_word' id='word_1_159' title='bbox 443 3636 598 3718; x_wconf 87' lang='lat' dir='ltr'>sublato,</span> <span class='ocrx_word' id='word_1_160' title='bbox 622 3637 763 3708; x_wconf 91' lang='lat' dir='ltr'>Henrici</span> <span class='ocrx_word' id='word_1_161' title='bbox 784 3636 828 3707; x_wconf 91' lang='lat' dir='ltr'>de</span> <span class='ocrx_word' id='word_1_162' title='bbox 846 3636 935 3726; x_wconf 86' lang='lat' dir='ltr'>Croy</span> <span class='ocrx_word' id='word_1_163' title='bbox 953 3655 1085 3708; x_wconf 90' lang='lat' dir='ltr'>nomen</span> <span class='ocrx_word' id='word_1_164' title='bbox 1103 3636 1337 3708; x_wconf 85' lang='lat' dir='ltr'>substitutum</span> 
     </span>
     <span class='ocr_line' id='line_1_26' title="bbox 276 3759 973 3850; baseline 0.004 -20"><span class='ocrx_word' id='word_1_165' title='bbox 276 3759 336 3850; x_wconf 88' lang='lat' dir='ltr'>sit,</span> <span class='ocrx_word' id='word_1_166' title='bbox 358 3759 567 3850; x_wconf 86' lang='lat' dir='ltr'>dominique</span> <span class='ocrx_word' id='word_1_167' title='bbox 584 3761 698 3833; x_wconf 93' lang='lat' dir='ltr'>locum</span> <span class='ocrx_word' id='word_1_168' title='bbox 722 3781 782 3833; x_wconf 80' lang='lat' dir='ltr'>rer</span> <span class='ocrx_word' id='word_1_169' title='bbox 801 3761 973 3835; x_wconf 90' lang='lat' dir='ltr'>obtineat.</span> 
     </span>
    </p>
   </div>
   <div class='ocr_carea' id='block_1_5' title="bbox 279 4043 1339 4468">
    <p class='ocr_par' dir='ltr' id='par_1_8' title="bbox 279 4043 1339 4468">
     <span class='ocr_line' id='line_1_27' title="bbox 309 4043 1337 4106; baseline 0 -14"><span class='ocrx_word' id='word_1_170' title='bbox 309 4043 341 4105; x_wconf 83' lang='lat' dir='ltr'>(l)</span> <span class='ocrx_word' id='word_1_171' title='bbox 355 4043 443 4093; x_wconf 87' lang='lat' dir='ltr'>Vetus</span> <span class='ocrx_word' id='word_1_172' title='bbox 460 4059 472 4089; x_wconf 81' lang='lat' dir='ltr'>o</span> <span class='ocrx_word' id='word_1_173' title='bbox 488 4043 540 4092; x_wconf 80' lang='lat' dir='ltr'>Ars</span> <span class='ocrx_word' id='word_1_174' title='bbox 556 4045 664 4106; x_wconf 81' lang='lat' dir='ltr'>poetica</span> <span class='ocrx_word' id='word_1_175' title='bbox 680 4061 691 4088; x_wconf 80' lang='lat' dir='ltr'>u</span> <span class='ocrx_word' id='word_1_176' title='bbox 706 4059 787 4106; x_wconf 86' lang='lat' dir='ltr'>quam</span> <span class='ocrx_word' id='word_1_177' title='bbox 803 4045 969 4094; x_wconf 85' lang='lat' dir='ltr'>Paschasius</span> <span class='ocrx_word' id='word_1_178' title='bbox 982 4045 1010 4092; x_wconf 89' lang='lat' dir='ltr'>in</span> <span class='ocrx_word' id='word_1_179' title='bbox 1026 4047 1094 4093; x_wconf 86' lang='lat' dir='ltr'>urbe</span> <span class='ocrx_word' id='word_1_180' title='bbox 1110 4043 1191 4092; x_wconf 91' lang='lat' dir='ltr'>Blcso</span> <span class='ocrx_word' id='word_1_181' title='bbox 1207 4044 1337 4106; x_wconf 86' lang='lat' dir='ltr'>inspexit,</span> 
     </span>
     <span class='ocr_line' id='line_1_28' title="bbox 279 4133 1339 4196; baseline 0.001 -16"><span class='ocrx_word' id='word_1_182' title='bbox 279 4146 415 4194; x_wconf 83' lang='lat' dir='ltr'>quamquo</span> <span class='ocrx_word' id='word_1_183' title='bbox 430 4147 515 4195; x_wconf 84' lang='lat' dir='ltr'>regno</span> <span class='ocrx_word' id='word_1_184' title='bbox 528 4133 661 4183; x_wconf 90' lang='lat' dir='ltr'>Ludovici</span> <span class='ocrx_word' id='word_1_185' title='bbox 676 4133 713 4182; x_wconf 84' lang='lat' dir='ltr'>XI</span> <span class='ocrx_word' id='word_1_186' title='bbox 729 4133 860 4196; x_wconf 84' lang='lat' dir='ltr'>assignat,</span> <span class='ocrx_word' id='word_1_187' title='bbox 875 4135 949 4182; x_wconf 85' lang='lat' dir='ltr'>nulla</span> <span class='ocrx_word' id='word_1_188' title='bbox 965 4134 1017 4182; x_wconf 85' lang='lat' dir='ltr'>alia</span> <span class='ocrx_word' id='word_1_189' title='bbox 1032 4138 1073 4182; x_wconf 87' lang='lat' dir='ltr'>ost</span> <span class='ocrx_word' id='word_1_190' title='bbox 1087 4139 1168 4196; x_wconf 85' lang='lat' dir='ltr'>atque</span> <span class='ocrx_word' id='word_1_191' title='bbox 1183 4135 1229 4182; x_wconf 88' lang='lat' dir='ltr'>illa</span> <span class='ocrx_word' id='word_1_192' title='bbox 1240 4133 1273 4181; x_wconf 85' lang='lat' dir='ltr'>de</span> <span class='ocrx_word' id='word_1_193' title='bbox 1285 4147 1339 4195; x_wconf 86' lang='lat' dir='ltr'>qua</span> 
     </span>
     <span class='ocr_line' id='line_1_29' title="bbox 279 4221 1338 4284; baseline 0 -14"><span class='ocrx_word' id='word_1_194' title='bbox 279 4223 364 4270; x_wconf 85' lang='lat' dir='ltr'>verba</span> <span class='ocrx_word' id='word_1_195' title='bbox 377 4234 451 4270; x_wconf 87' lang='lat' dir='ltr'>nunc</span> <span class='ocrx_word' id='word_1_196' title='bbox 468 4221 593 4271; x_wconf 84' lang='lat' dir='ltr'>iacimus.</span> <span class='ocrx_word' id='word_1_197' title='bbox 609 4221 784 4271; x_wconf 80' lang='lat' dir='ltr'>Manifestum</span> <span class='ocrx_word' id='word_1_198' title='bbox 800 4225 842 4270; x_wconf 89' lang='lat' dir='ltr'>ost</span> <span class='ocrx_word' id='word_1_199' title='bbox 858 4223 887 4270; x_wconf 94' lang='lat' dir='ltr'>in</span> <span class='ocrx_word' id='word_1_200' title='bbox 907 4222 1056 4284; x_wconf 83' lang='lat' dir='ltr'>exemplari</span> <span class='ocrx_word' id='word_1_201' title='bbox 1072 4236 1087 4270; x_wconf 85' lang='lat' dir='ltr'>a</span> <span class='ocrx_word' id='word_1_202' title='bbox 1102 4223 1250 4271; x_wconf 86' lang='lat' dir='ltr'>Paschasio</span> <span class='ocrx_word' id='word_1_203' title='bbox 1266 4227 1338 4270; x_wconf 87' lang='lat' dir='ltr'>trac-</span> 
     </span>
     <span class='ocr_line' id='line_1_30' title="bbox 280 4310 1338 4373; baseline -0.001 -15"><span class='ocrx_word' id='word_1_204' title='bbox 280 4315 337 4358; x_wconf 88' lang='lat' dir='ltr'>tato</span> <span class='ocrx_word' id='word_1_205' title='bbox 353 4310 475 4359; x_wconf 84' lang='lat' dir='ltr'>doluisse</span> <span class='ocrx_word' id='word_1_206' title='bbox 491 4312 648 4373; x_wconf 80' lang='lat' dir='ltr'>prologum3</span> <span class='ocrx_word' id='word_1_207' title='bbox 665 4311 737 4372; x_wconf 83' lang='lat' dir='ltr'>quod</span> <span class='ocrx_word' id='word_1_208' title='bbox 759 4312 786 4359; x_wconf 94' lang='lat' dir='ltr'>ni</span> <span class='ocrx_word' id='word_1_209' title='bbox 802 4312 962 4373; x_wconf 83' lang='lat' dir='ltr'>accidisset,</span> <span class='ocrx_word' id='word_1_210' title='bbox 982 4312 1055 4360; x_wconf 89' lang='lat' dir='ltr'>illam</span> <span class='ocrx_word' id='word_1_211' title='bbox 1074 4312 1166 4361; x_wconf 80' lang='lat' dir='ltr'>Artem</span> <span class='ocrx_word' id='word_1_212' title='bbox 1184 4312 1228 4359; x_wconf 88' lang='lat' dir='ltr'>hic</span> <span class='ocrx_word' id='word_1_213' title='bbox 1243 4311 1338 4360; x_wconf 93' lang='lat' dir='ltr'>Ludo-</span> 
     </span>
     <span class='ocr_line' id='line_1_31' title="bbox 281 4398 1337 4468; baseline 0.002 -20"><span class='ocrx_word' id='word_1_214' title='bbox 281 4399 335 4450; x_wconf 85' lang='lat' dir='ltr'>vici</span> <span class='ocrx_word' id='word_1_215' title='bbox 347 4399 384 4450; x_wconf 90' lang='lat' dir='ltr'>XI</span> <span class='ocrx_word' id='word_1_216' title='bbox 396 4401 478 4450; x_wconf 81' lang='lat' dir='ltr'>aelati</span> <span class='ocrx_word' id='word_1_217' title='bbox 490 4414 546 4450; x_wconf 89' lang='lat' dir='ltr'>non</span> <span class='ocrx_word' id='word_1_218' title='bbox 555 4400 748 4465; x_wconf 85' lang='lat' dir='ltr'>adscripsisset</span> <span class='ocrx_word' id='word_1_219' title='bbox 761 4400 913 4468; x_wconf 86' lang='lat' dir='ltr'>(Pasquier‚</span> <span class='ocrx_word' id='word_1_220' title='bbox 922 4403 1100 4462; x_wconf 83' lang='lat' dir='ltr'>Recbercltes,</span> <span class='ocrx_word' id='word_1_221' title='bbox 1114 4400 1230 4462; x_wconf 87' lang='lat' dir='ltr'>lib.VII‚</span> <span class='ocrx_word' id='word_1_222' title='bbox 1239 4398 1337 4466; x_wconf 57' lang='lat' dir='ltr'>peon).</span> 
     </span>
    </p>
   </div>
   <div class='ocr_carea' id='block_1_6' title="bbox 0 0 1796 5286">
    <p class='ocr_par' dir='ltr' id='par_1_9' title="bbox 0 0 1796 5286">
     <span class='ocr_line' id='line_1_32' title="bbox 0 0 1796 5286; baseline 0 0"><span class='ocrx_word' id='word_1_223' title='bbox 0 0 1796 5286; x_wconf 95' lang='lat' dir='ltr'> </span> 
     </span>
    </p>
   </div>
  </div>
 </body>
</html>
