<?xml version="1.0" encoding="UTF-8"?>
<!DOCTYPE html PUBLIC "-//W3C//DTD XHTML 1.0 Transitional//EN"
    "http://www.w3.org/TR/xhtml1/DTD/xhtml1-transitional.dtd">
<html xmlns="http://www.w3.org/1999/xhtml" xml:lang="en" lang="en">
 <head>
  <title>
</title>
<meta http-equiv="Content-Type" content="text/html;charset=utf-8" />
  <meta name='ocr-system' content='tesseract 3.04.00' />
  <meta name='ocr-capabilities' content='ocr_page ocr_carea ocr_par ocr_line ocrx_word'/>
</head>
<body>
  <div class='ocr_page' id='page_1' title='image "./deartibusrhetor00langgoog_0070.png"; bbox 0 0 3552 5282; ppageno 0'>
   <div class='ocr_carea' id='block_1_1' title="bbox 295 585 1442 3584">
    <p class='ocr_par' dir='ltr' id='par_1_1' title="bbox 297 585 1442 1171">
     <span class='ocr_line' id='line_1_1' title="bbox 747 585 903 649; baseline -0.006 -16"><span class='ocrx_word' id='word_1_1' title='bbox 747 619 786 633; x_wconf 90' lang='lat'>..</span> <span class='ocrx_word' id='word_1_2' title='bbox 808 585 845 649; x_wconf 86' lang='lat'>59</span> <span class='ocrx_word' id='word_1_3' title='bbox 865 621 903 632; x_wconf 89' lang='grc'>..</span> 
     </span>
     <span class='ocr_line' id='line_1_2' title="bbox 297 721 1357 821; baseline -0.008 -20"><span class='ocrx_word' id='word_1_4' title='bbox 297 736 376 801; x_wconf 89' lang='lat' dir='ltr'>sant</span> <span class='ocrx_word' id='word_1_5' title='bbox 401 745 446 800; x_wconf 92' lang='lat' dir='ltr'>en</span> <span class='ocrx_word' id='word_1_6' title='bbox 469 723 498 821; x_wconf 84' lang='lat' dir='ltr'>e)</span> <span class='ocrx_word' id='word_1_7' title='bbox 521 745 560 800; x_wconf 89' lang='lat' dir='ltr'>so</span> <span class='ocrx_word' id='word_1_8' title='bbox 577 727 686 800; x_wconf 84' lang='lat' dir='ltr'>boute</span> <span class='ocrx_word' id='word_1_9' title='bbox 705 745 800 798; x_wconf 81' lang='lat' dir='ltr'>areo</span> <span class='ocrx_word' id='word_1_10' title='bbox 851 725 970 796; x_wconf 90' lang='lat' dir='ltr'>iinaus</span> <span class='ocrx_word' id='word_1_11' title='bbox 990 741 1035 795; x_wconf 90' lang='lat' dir='ltr'>en</span> <span class='ocrx_word' id='word_1_12' title='bbox 1058 743 1097 802; x_wconf 87' lang='lat' dir='ltr'>e,</span> <span class='ocrx_word' id='word_1_13' title='bbox 1120 738 1159 793; x_wconf 93' lang='lat' dir='ltr'>se</span> <span class='ocrx_word' id='word_1_14' title='bbox 1183 721 1291 793; x_wconf 85' lang='lat' dir='ltr'>bouto</span> <span class='ocrx_word' id='word_1_15' title='bbox 1311 739 1357 794; x_wconf 90' lang='lat' dir='ltr'>en</span> 
     </span>
     <span class='ocr_line' id='line_1_3' title="bbox 297 845 1358 945; baseline -0.009 -18"><span class='ocrx_word' id='word_1_16' title='bbox 297 873 385 945; x_wconf 91' lang='lat' dir='ltr'>ques</span> <span class='ocrx_word' id='word_1_17' title='bbox 406 853 550 925; x_wconf 85' lang='lat' dir='ltr'>ladicte</span> <span class='ocrx_word' id='word_1_18' title='bbox 570 851 756 944; x_wconf 72' lang='lat' dir='ltr'>vopulo.»</span> <span class='ocrx_word' id='word_1_19' title='bbox 851 852 886 922; x_wconf 88' lang='lat' dir='ltr'>la</span> <span class='ocrx_word' id='word_1_20' title='bbox 932 848 1085 940; x_wconf 83' lang='lat' dir='ltr'>premier</span> <span class='ocrx_word' id='word_1_21' title='bbox 1129 846 1255 919; x_wconf 83' lang='lat' dir='ltr'>roieux</span> <span class='ocrx_word' id='word_1_22' title='bbox 1294 845 1358 919; x_wconf 87' lang='lat' dir='ltr'>des</span> 
     </span>
     <span class='ocr_line' id='line_1_4' title="bbox 852 974 1442 1062; baseline -0.012 -16"><span class='ocrx_word' id='word_1_23' title='bbox 852 974 1006 1046; x_wconf 89' lang='lat' dir='ltr'>dictious</span> <span class='ocrx_word' id='word_1_24' title='bbox 1026 977 1273 1060; x_wconf 80' lang='lat' dir='ltr'>commenqant</span> <span class='ocrx_word' id='word_1_25' title='bbox 1295 989 1359 1062; x_wconf 92' lang='lat' dir='ltr'>par</span> <span class='ocrx_word' id='word_1_26' title='bbox 1440 1025 1442 1028; x_wconf 87' lang='lat'>.</span> 
     </span>
     <span class='ocr_line' id='line_1_5' title="bbox 852 1099 1030 1171; baseline -0.045 -2"><span class='ocrx_word' id='word_1_27' title='bbox 852 1099 1030 1171; x_wconf 75' lang='lat' dir='ltr'>voiana.»</span> 
     </span>
    </p>

    <p class='ocr_par' dir='ltr' id='par_1_2' title="bbox 298 1221 1359 1693">
     <span class='ocr_line' id='line_1_6' title="bbox 347 1221 1359 1314; baseline -0.008 -15"><span class='ocrx_word' id='word_1_28' title='bbox 347 1225 711 1300; x_wconf 80' lang='lat' dir='ltr'>Animadvertendum</span> <span class='ocrx_word' id='word_1_29' title='bbox 747 1232 801 1298; x_wconf 86' lang='lat' dir='ltr'>est</span> <span class='ocrx_word' id='word_1_30' title='bbox 840 1224 945 1297; x_wconf 83' lang='lat' dir='ltr'>etiam</span> <span class='ocrx_word' id='word_1_31' title='bbox 977 1221 1253 1314; x_wconf 78' lang='lat' dir='ltr'>appellationem</span> <span class='ocrx_word' id='word_1_32' title='bbox 1287 1239 1359 1312; x_wconf 88' lang='lat' dir='ltr'>qua</span> 
     </span>
     <span class='ocr_line' id='line_1_7' title="bbox 298 1348 1357 1444; baseline -0.015 -16"><span class='ocrx_word' id='word_1_33' title='bbox 298 1355 503 1428; x_wconf 85' lang='lat' dir='ltr'>lllolinettus</span> <span class='ocrx_word' id='word_1_34' title='bbox 518 1371 604 1423; x_wconf 91' lang='lat' dir='ltr'>usus</span> <span class='ocrx_word' id='word_1_35' title='bbox 618 1359 686 1444; x_wconf 77' lang='lat' dir='ltr'>est,</span> <span class='ocrx_word' id='word_1_36' title='bbox 700 1353 833 1424; x_wconf 85' lang='lat' dir='ltr'>scilicet</span> <span class='ocrx_word' id='word_1_37' title='bbox 856 1348 1110 1422; x_wconf 71' lang='lat' dir='ltr'>‹Rhetoricam</span> <span class='ocrx_word' id='word_1_38' title='bbox 1128 1348 1306 1439; x_wconf 82' lang='lat' dir='ltr'>vulgarem</span> <span class='ocrx_word' id='word_1_39' title='bbox 1321 1374 1357 1430; x_wconf 66' lang='grc' dir='ltr'>ι,</span> 
     </span>
     <span class='ocr_line' id='line_1_8' title="bbox 299 1472 1359 1571; baseline -0.004 -21"><span class='ocrx_word' id='word_1_40' title='bbox 299 1478 530 1571; x_wconf 82' lang='lat' dir='ltr'>appellationi</span> <span class='ocrx_word' id='word_1_41' title='bbox 551 1496 642 1568; x_wconf 88' lang='lat' dir='ltr'>quae</span> <span class='ocrx_word' id='word_1_42' title='bbox 662 1485 716 1549; x_wconf 91' lang='lat' dir='ltr'>est</span> <span class='ocrx_word' id='word_1_43' title='bbox 735 1478 772 1548; x_wconf 94' lang='lat' dir='ltr'>in</span> <span class='ocrx_word' id='word_1_44' title='bbox 794 1477 913 1548; x_wconf 88' lang='lat' dir='ltr'>codice</span> <span class='ocrx_word' id='word_1_45' title='bbox 937 1477 1046 1562; x_wconf 76' lang='lat'><strong>1869,</strong></span> <span class='ocrx_word' id='word_1_46' title='bbox 1069 1474 1204 1547; x_wconf 91' lang='lat' dir='ltr'>scilicet</span> <span class='ocrx_word' id='word_1_47' title='bbox 1226 1500 1241 1537; x_wconf 86' lang='lat'>‹</span> <span class='ocrx_word' id='word_1_48' title='bbox 1264 1472 1359 1546; x_wconf 86' lang='lat' dir='ltr'>llhe·</span> 
     </span>
     <span class='ocr_line' id='line_1_9' title="bbox 300 1603 827 1693; baseline -0.008 -17"><span class='ocrx_word' id='word_1_49' title='bbox 300 1604 430 1676; x_wconf 86' lang='lat' dir='ltr'>loricae</span> <span class='ocrx_word' id='word_1_50' title='bbox 449 1603 559 1674; x_wconf 80' lang='lat' dir='ltr'>laicae</span> <span class='ocrx_word' id='word_1_51' title='bbox 579 1629 594 1667; x_wconf 69' lang='grc' dir='ltr'><strong><em>ι</em></strong></span> <span class='ocrx_word' id='word_1_52' title='bbox 621 1619 827 1693; x_wconf 81' lang='lat' dir='ltr'>congruere.</span> 
     </span>
    </p>

    <p class='ocr_par' dir='ltr' id='par_1_3' title="bbox 300 1722 1361 2175">
     <span class='ocr_line' id='line_1_10' title="bbox 348 1722 1361 1817; baseline -0.005 -16"><span class='ocrx_word' id='word_1_53' title='bbox 348 1728 449 1801; x_wconf 89' lang='lat' dir='ltr'>Unde</span> <span class='ocrx_word' id='word_1_54' title='bbox 475 1747 548 1799; x_wconf 94' lang='lat' dir='ltr'>non</span> <span class='ocrx_word' id='word_1_55' title='bbox 572 1727 687 1799; x_wconf 85' lang='lat' dir='ltr'>infero</span> <span class='ocrx_word' id='word_1_56' title='bbox 706 1726 851 1817; x_wconf 86' lang='lat' dir='ltr'>quidem</span> <span class='ocrx_word' id='word_1_57' title='bbox 877 1725 1100 1798; x_wconf 89' lang='lat' dir='ltr'>llolinettum</span> <span class='ocrx_word' id='word_1_58' title='bbox 1121 1723 1244 1796; x_wconf 86' lang='lat' dir='ltr'>libello</span> <span class='ocrx_word' id='word_1_59' title='bbox 1265 1722 1361 1796; x_wconf 90' lang='lat' dir='ltr'>codi-</span> 
     </span>
     <span class='ocr_line' id='line_1_11' title="bbox 300 1850 1360 1956; baseline -0.005 -30"><span class='ocrx_word' id='word_1_60' title='bbox 300 1855 350 1926; x_wconf 90' lang='lat' dir='ltr'>cis</span> <span class='ocrx_word' id='word_1_61' title='bbox 374 1855 464 1924; x_wconf 81' lang='lat'><strong>1869</strong></span> <span class='ocrx_word' id='word_1_62' title='bbox 486 1871 590 1925; x_wconf 90' lang='lat' dir='ltr'>usum</span> <span class='ocrx_word' id='word_1_63' title='bbox 612 1852 742 1936; x_wconf 82' lang='lat' dir='ltr'>luisse,</span> <span class='ocrx_word' id='word_1_64' title='bbox 757 1851 831 1956; x_wconf 49' lang='lat' dir='ltr'>⁵sed</span> <span class='ocrx_word' id='word_1_65' title='bbox 852 1850 1005 1923; x_wconf 85' lang='lat' dir='ltr'>arbitror</span> <span class='ocrx_word' id='word_1_66' title='bbox 1030 1857 1221 1940; x_wconf 89' lang='lat' dir='ltr'>utrumque</span> <span class='ocrx_word' id='word_1_67' title='bbox 1240 1856 1360 1922; x_wconf 85' lang='lat' dir='ltr'>aucto·</span> 
     </span>
     <span class='ocr_line' id='line_1_12' title="bbox 301 1975 1359 2067; baseline -0.004 -18"><span class='ocrx_word' id='word_1_68' title='bbox 301 1995 374 2049; x_wconf 93' lang='lat' dir='ltr'>rem</span> <span class='ocrx_word' id='word_1_69' title='bbox 424 1977 469 2049; x_wconf 88' lang='lat' dir='ltr'>ad</span> <span class='ocrx_word' id='word_1_70' title='bbox 511 1977 747 2050; x_wconf 83' lang='lat' dir='ltr'>imitationem</span> <span class='ocrx_word' id='word_1_71' title='bbox 791 1976 951 2067; x_wconf 79' lang='lat' dir='ltr'>eiusdem</span> <span class='ocrx_word' id='word_1_72' title='bbox 988 1975 1203 2066; x_wconf 81' lang='lat' dir='ltr'>exemplaris</span> <span class='ocrx_word' id='word_1_73' title='bbox 1246 1975 1359 2067; x_wconf 89' lang='lat' dir='ltr'>scrip·</span> 
     </span>
     <span class='ocr_line' id='line_1_13' title="bbox 301 2103 404 2175; baseline -0.039 -2"><span class='ocrx_word' id='word_1_74' title='bbox 301 2103 404 2175; x_wconf 89' lang='lat' dir='ltr'>slsse.</span> 
     </span>
    </p>

    <p class='ocr_par' dir='ltr' id='par_1_4' title="bbox 295 2226 1367 3456">
     <span class='ocr_line' id='line_1_14' title="bbox 349 2226 1364 2318; baseline 0 -20"><span class='ocrx_word' id='word_1_75' title='bbox 349 2229 423 2299; x_wconf 89' lang='lat' dir='ltr'>Hoc</span> <span class='ocrx_word' id='word_1_76' title='bbox 453 2227 550 2299; x_wconf 85' lang='lat' dir='ltr'>lrrovi</span> <span class='ocrx_word' id='word_1_77' title='bbox 578 2227 760 2317; x_wconf 91' lang='lat' dir='ltr'>prooemio</span> <span class='ocrx_word' id='word_1_78' title='bbox 787 2229 835 2298; x_wconf 87' lang='lat' dir='ltr'>ita</span> <span class='ocrx_word' id='word_1_79' title='bbox 871 2226 1023 2316; x_wconf 88' lang='lat' dir='ltr'>scripto,</span> <span class='ocrx_word' id='word_1_80' title='bbox 1057 2233 1179 2298; x_wconf 84' lang='lat' dir='ltr'>auctor</span> <span class='ocrx_word' id='word_1_81' title='bbox 1211 2227 1364 2318; x_wconf 82' lang='lat' dir='ltr'>siugulis</span> 
     </span>
     <span class='ocr_line' id='line_1_15' title="bbox 302 2349 1362 2444; baseline -0.005 -20"><span class='ocrx_word' id='word_1_82' title='bbox 302 2353 500 2424; x_wconf 92' lang='lat' dir='ltr'>carminum</span> <span class='ocrx_word' id='word_1_83' title='bbox 519 2351 642 2444; x_wconf 82' lang='lat' dir='ltr'>liguris</span> <span class='ocrx_word' id='word_1_84' title='bbox 662 2353 730 2424; x_wconf 87' lang='lat' dir='ltr'>lroc</span> <span class='ocrx_word' id='word_1_85' title='bbox 748 2351 874 2423; x_wconf 87' lang='lat' dir='ltr'>ordino</span> <span class='ocrx_word' id='word_1_86' title='bbox 900 2351 1019 2423; x_wconf 87' lang='lat' dir='ltr'>studet</span> <span class='ocrx_word' id='word_1_87' title='bbox 1042 2375 1050 2421; x_wconf 92' lang='lat'><strong>:</strong></span> <span class='ocrx_word' id='word_1_88' title='bbox 1076 2350 1190 2441; x_wconf 71' lang='lat' dir='ltr'>liques</span> <span class='ocrx_word' id='word_1_89' title='bbox 1209 2349 1362 2421; x_wconf 81' lang='lat' dir='ltr'>doublet-</span> 
     </span>
     <span class='ocr_line' id='line_1_16' title="bbox 301 2473 1365 2568; baseline -0.002 -22"><span class='ocrx_word' id='word_1_90' title='bbox 301 2484 361 2560; x_wconf 83' lang='lat' dir='ltr'>tes‚</span> <span class='ocrx_word' id='word_1_91' title='bbox 386 2476 495 2546; x_wconf 79' lang='lat' dir='ltr'>rimas</span> <span class='ocrx_word' id='word_1_92' title='bbox 519 2476 677 2560; x_wconf 70' lang='lat' dir='ltr'>arcistes,</span> <span class='ocrx_word' id='word_1_93' title='bbox 698 2477 848 2556; x_wconf 73' lang='lat' dir='ltr'>siccatus,</span> <span class='ocrx_word' id='word_1_94' title='bbox 869 2474 1034 2568; x_wconf 61' lang='lat' dir='ltr'>saplutus,</span> <span class='ocrx_word' id='word_1_95' title='bbox 1056 2473 1212 2544; x_wconf 65' lang='lat' dir='ltr'>hortulos</span> <span class='ocrx_word' id='word_1_96' title='bbox 1229 2483 1261 2544; x_wconf 87' lang='lat' dir='ltr'>et</span> <span class='ocrx_word' id='word_1_97' title='bbox 1279 2475 1365 2544; x_wconf 80' lang='lat' dir='ltr'>olou-</span> 
     </span>
     <span class='ocr_line' id='line_1_17' title="bbox 302 2599 1366 2695; baseline 0 -25"><span class='ocrx_word' id='word_1_98' title='bbox 302 2600 416 2686; x_wconf 76' lang='lat' dir='ltr'>zoa&#39;as‚</span> <span class='ocrx_word' id='word_1_99' title='bbox 440 2601 548 2670; x_wconf 74' lang='lat' dir='ltr'>cimas</span> <span class='ocrx_word' id='word_1_100' title='bbox 569 2601 739 2695; x_wconf 70' lang='lat' dir='ltr'>cautelas,</span> <span class='ocrx_word' id='word_1_101' title='bbox 767 2601 905 2684; x_wconf 70' lang='lat' dir='ltr'>crisces,</span> <span class='ocrx_word' id='word_1_102' title='bbox 927 2599 1134 2670; x_wconf 74' lang='lat' dir='ltr'>enatatoces</span> <span class='ocrx_word' id='word_1_103' title='bbox 1153 2623 1198 2671; x_wconf 81' lang='lat' dir='ltr'>oo</span> <span class='ocrx_word' id='word_1_104' title='bbox 1215 2601 1238 2670; x_wconf 77' lang='grc' dir='ltr'><em>ὰ</em></span> <span class='ocrx_word' id='word_1_105' title='bbox 1257 2622 1366 2694; x_wconf 79' lang='lat' dir='ltr'>queue</span> 
     </span>
     <span class='ocr_line' id='line_1_18' title="bbox 303 2724 1365 2820; baseline 0 -25"><span class='ocrx_word' id='word_1_106' title='bbox 303 2729 456 2808; x_wconf 69' lang='lat' dir='ltr'>unacco,</span> <span class='ocrx_word' id='word_1_107' title='bbox 475 2728 499 2796; x_wconf 81' lang='lat' dir='ltr'>o</span> <span class='ocrx_word' id='word_1_108' title='bbox 516 2725 638 2797; x_wconf 83' lang='lat' dir='ltr'>double</span> <span class='ocrx_word' id='word_1_109' title='bbox 656 2751 787 2820; x_wconf 56' lang='lat' dir='ltr'>queam</span> <span class='ocrx_word' id='word_1_110' title='bbox 809 2725 1047 2819; x_wconf 64' lang='lat' dir='ltr'>compluentes,</span> <span class='ocrx_word' id='word_1_111' title='bbox 1074 2725 1263 2796; x_wconf 73' lang='lat' dir='ltr'>condecore</span> <span class='ocrx_word' id='word_1_112' title='bbox 1280 2724 1365 2795; x_wconf 80' lang='lat' dir='ltr'>sim·</span> 
     </span>
     <span class='ocr_line' id='line_1_19' title="bbox 295 2850 1363 2945; baseline 0.003 -27"><span class='ocrx_word' id='word_1_113' title='bbox 295 2850 375 2944; x_wconf 69' lang='lat' dir='ltr'>vples</span> <span class='ocrx_word' id='word_1_114' title='bbox 400 2851 445 2922; x_wconf 85' lang='lat' dir='ltr'>de</span> <span class='ocrx_word' id='word_1_115' title='bbox 470 2851 504 2935; x_wconf 88' lang='lat'>1,</span> <span class='ocrx_word' id='word_1_116' title='bbox 524 2851 561 2934; x_wconf 66' lang='grc'>9,</span> <span class='ocrx_word' id='word_1_117' title='bbox 580 2850 616 2934; x_wconf 83' lang='grc'>5,</span> <span class='ocrx_word' id='word_1_118' title='bbox 637 2850 674 2936; x_wconf 80' lang='lat' dir='ltr'>t,</span> <span class='ocrx_word' id='word_1_119' title='bbox 702 2851 723 2920; x_wconf 84' lang='lat'><strong><em>5</em></strong></span> <span class='ocrx_word' id='word_1_120' title='bbox 751 2851 897 2945; x_wconf 77' lang='lat' dir='ltr'>syllabas</span> <span class='ocrx_word' id='word_1_121' title='bbox 908 2877 924 2939; x_wconf 87' lang='lat'>,·</span> <span class='ocrx_word' id='word_1_122' title='bbox 952 2851 1139 2921; x_wconf 76' lang='lat' dir='ltr'>roadeoooo</span> <span class='ocrx_word' id='word_1_123' title='bbox 1154 2851 1363 2943; x_wconf 71' lang='lat' dir='ltr'>jammam,</span> 
     </span>
     <span class='ocr_line' id='line_1_20' title="bbox 305 2975 1364 3071; baseline 0.001 -26"><span class='ocrx_word' id='word_1_124' title='bbox 305 2977 492 3048; x_wconf 77' lang='lat' dir='ltr'>roodeomo</span> <span class='ocrx_word' id='word_1_125' title='bbox 518 2977 667 3061; x_wconf 81' lang='lat' dir='ltr'>doubles,</span> <span class='ocrx_word' id='word_1_126' title='bbox 694 2978 834 3071; x_wconf 79' lang='lat' dir='ltr'>simplos</span> <span class='ocrx_word' id='word_1_127' title='bbox 857 2978 1012 3062; x_wconf 79' lang='lat' dir='ltr'>clreicis,</span> <span class='ocrx_word' id='word_1_128' title='bbox 1039 2977 1181 3050; x_wconf 77' lang='lat' dir='ltr'>doubles</span> <span class='ocrx_word' id='word_1_129' title='bbox 1207 2975 1364 3058; x_wconf 71' lang='lat' dir='ltr'>eiramis,</span> 
     </span>
     <span class='ocr_line' id='line_1_21' title="bbox 304 3100 1367 3194; baseline 0 -22"><span class='ocrx_word' id='word_1_130' title='bbox 304 3105 419 3191; x_wconf 73' lang='lat' dir='ltr'>salros</span> <span class='ocrx_word' id='word_1_131' title='bbox 442 3102 580 3194; x_wconf 69' lang='lat' dir='ltr'>simplos</span> <span class='ocrx_word' id='word_1_132' title='bbox 599 3110 633 3172; x_wconf 87' lang='lat' dir='ltr'>et</span> <span class='ocrx_word' id='word_1_133' title='bbox 655 3103 812 3180; x_wconf 69' lang='lat' dir='ltr'>dociles.</span> <span class='ocrx_word' id='word_1_134' title='bbox 837 3101 990 3174; x_wconf 75' lang='lat' dir='ltr'>hellades</span> <span class='ocrx_word' id='word_1_135' title='bbox 1015 3121 1231 3184; x_wconf 80' lang='lat' dir='ltr'>cornmoaes,</span> <span class='ocrx_word' id='word_1_136' title='bbox 1259 3100 1367 3172; x_wconf 83' lang='lat' dir='ltr'>bolla·</span> 
     </span>
     <span class='ocr_line' id='line_1_22' title="bbox 305 3227 1365 3322; baseline -0.001 -24"><span class='ocrx_word' id='word_1_137' title='bbox 305 3228 440 3310; x_wconf 82' lang='lat' dir='ltr'>duales,</span> <span class='ocrx_word' id='word_1_138' title='bbox 455 3228 656 3320; x_wconf 68' lang='lat' dir='ltr'>fratriseea</span> <span class='ocrx_word' id='word_1_139' title='bbox 675 3230 740 3300; x_wconf 82' lang='lat' dir='ltr'>loir</span> <span class='ocrx_word' id='word_1_140' title='bbox 750 3228 903 3320; x_wconf 78' lang='lat' dir='ltr'>simplos,</span> <span class='ocrx_word' id='word_1_141' title='bbox 921 3229 1110 3322; x_wconf 77' lang='lat' dir='ltr'>couforce&#39;s,</span> <span class='ocrx_word' id='word_1_142' title='bbox 1124 3227 1232 3299; x_wconf 77' lang='lat' dir='ltr'>atauo</span> <span class='ocrx_word' id='word_1_143' title='bbox 1244 3228 1365 3321; x_wconf 58' lang='grc' dir='ltr'><em>νομαί,</em></span> 
     </span>
     <span class='ocr_line' id='line_1_23' title="bbox 305 3353 1171 3456; baseline 0.003 -35"><span class='ocrx_word' id='word_1_144' title='bbox 305 3353 503 3436; x_wconf 78' lang='lat' dir='ltr'>serventot&#39;s,</span> <span class='ocrx_word' id='word_1_145' title='bbox 524 3356 773 3448; x_wconf 59' lang='lat' dir='ltr'>ricqoecoqom</span> <span class='ocrx_word' id='word_1_146' title='bbox 795 3353 1041 3445; x_wconf 68' lang='lat' dir='ltr'>boqueaooolc.</span> <span class='ocrx_word' id='word_1_147' title='bbox 1169 3452 1171 3456; x_wconf 23' lang='grc' dir='ltr'>Ι</span> 
     </span>
    </p>

    <p class='ocr_par' dir='ltr' id='par_1_5' title="bbox 357 3478 1368 3584">
     <span class='ocr_line' id='line_1_24' title="bbox 357 3478 1368 3584; baseline 0.001 -34"><span class='ocrx_word' id='word_1_148' title='bbox 357 3478 481 3551; x_wconf 88' lang='lat' dir='ltr'>Paucis</span> <span class='ocrx_word' id='word_1_149' title='bbox 501 3479 631 3552; x_wconf 83' lang='lat' dir='ltr'>deinde</span> <span class='ocrx_word' id='word_1_150' title='bbox 652 3479 771 3584; x_wconf 72' lang='lat' dir='ltr'>verbis</span> <span class='ocrx_word' id='word_1_151' title='bbox 793 3478 919 3553; x_wconf 88' lang='lat' dir='ltr'>delinit</span> <span class='ocrx_word' id='word_1_152' title='bbox 946 3481 1132 3570; x_wconf 87' lang='lat' dir='ltr'>rlrytlrmos</span> <span class='ocrx_word' id='word_1_153' title='bbox 1155 3479 1217 3570; x_wconf 94' lang='lat' dir='ltr'>qui</span> <span class='ocrx_word' id='word_1_154' title='bbox 1238 3497 1368 3551; x_wconf 86' lang='lat' dir='ltr'>vocan-</span> 
     </span>
    </p>
   </div>
   <div class='ocr_carea' id='block_1_2' title="bbox 307 3603 1467 3693">
    <p class='ocr_par' dir='ltr' id='par_1_6' title="bbox 307 3603 1467 3693">
     <span class='ocr_line' id='line_1_25' title="bbox 307 3603 1467 3693; baseline 0.001 -18"><span class='ocrx_word' id='word_1_155' title='bbox 307 3610 364 3675; x_wconf 88' lang='lat' dir='ltr'>tur</span> <span class='ocrx_word' id='word_1_156' title='bbox 377 3603 573 3693; x_wconf 86' lang='lat' dir='ltr'>aequivoci,</span> <span class='ocrx_word' id='word_1_157' title='bbox 588 3604 737 3686; x_wconf 84' lang='lat' dir='ltr'>leonini,</span> <span class='ocrx_word' id='word_1_158' title='bbox 753 3605 902 3686; x_wconf 69' lang='lat' dir='ltr'>rurales</span> <span class='ocrx_word' id='word_1_159' title='bbox 920 3604 964 3674; x_wconf 84' lang='lat' dir='ltr'>de</span> <span class='ocrx_word' id='word_1_160' title='bbox 983 3611 1096 3693; x_wconf 74' lang='lat' dir='ltr'>porat.</span> <span class='ocrx_word' id='word_1_161' title='bbox 1121 3605 1236 3676; x_wconf 79' lang='lat' dir='ltr'>Facile</span> <span class='ocrx_word' id='word_1_162' title='bbox 1249 3612 1367 3676; x_wconf 86' lang='lat' dir='ltr'>autem</span> <span class='ocrx_word' id='word_1_163' title='bbox 1464 3679 1467 3684; x_wconf 78' lang='grc'>,</span> 
     </span>
    </p>
   </div>
   <div class='ocr_carea' id='block_1_3' title="bbox 308 3728 1432 4442">
    <p class='ocr_par' dir='ltr' id='par_1_7' title="bbox 308 3728 1370 4193">
     <span class='ocr_line' id='line_1_26' title="bbox 308 3728 1369 3821; baseline 0.002 -23"><span class='ocrx_word' id='word_1_164' title='bbox 308 3728 624 3809; x_wconf 64' lang='lat' dir='ltr'>animadverteram</span> <span class='ocrx_word' id='word_1_165' title='bbox 642 3729 747 3801; x_wconf 85' lang='lat' dir='ltr'>modo</span> <span class='ocrx_word' id='word_1_166' title='bbox 765 3731 841 3820; x_wconf 86' lang='lat' dir='ltr'>ejus</span> <span class='ocrx_word' id='word_1_167' title='bbox 856 3748 963 3820; x_wconf 89' lang='lat' dir='ltr'>opera</span> <span class='ocrx_word' id='word_1_168' title='bbox 980 3729 1123 3821; x_wconf 82' lang='lat' dir='ltr'>legeris,</span> <span class='ocrx_word' id='word_1_169' title='bbox 1139 3730 1183 3801; x_wconf 89' lang='lat' dir='ltr'>ab</span> <span class='ocrx_word' id='word_1_170' title='bbox 1199 3748 1239 3802; x_wconf 91' lang='lat' dir='ltr'>eo</span> <span class='ocrx_word' id='word_1_171' title='bbox 1255 3730 1369 3821; x_wconf 90' lang='lat' dir='ltr'>pluris</span> 
     </span>
     <span class='ocr_line' id='line_1_27' title="bbox 308 3852 1367 3944; baseline 0.005 -23"><span class='ocrx_word' id='word_1_172' title='bbox 308 3852 487 3924; x_wconf 86' lang='lat' dir='ltr'>aestimari</span> <span class='ocrx_word' id='word_1_173' title='bbox 510 3853 694 3943; x_wconf 84' lang='lat' dir='ltr'>rlrytlrmos</span> <span class='ocrx_word' id='word_1_174' title='bbox 711 3854 938 3943; x_wconf 86' lang='lat' dir='ltr'>aequivocos.</span> <span class='ocrx_word' id='word_1_175' title='bbox 961 3880 976 3918; x_wconf 77' lang='lat' dir='ltr'>u</span> <span class='ocrx_word' id='word_1_176' title='bbox 1000 3856 1049 3924; x_wconf 85' lang='lat' dir='ltr'>De</span> <span class='ocrx_word' id='word_1_177' title='bbox 1070 3854 1177 3924; x_wconf 90' lang='lat' dir='ltr'>rimes</span> <span class='ocrx_word' id='word_1_178' title='bbox 1196 3872 1239 3925; x_wconf 93' lang='lat' dir='ltr'>en</span> <span class='ocrx_word' id='word_1_179' title='bbox 1256 3861 1367 3944; x_wconf 80' lang='lat' dir='ltr'>goret</span> 
     </span>
     <span class='ocr_line' id='line_1_28' title="bbox 308 3976 1370 4067; baseline 0.004 -21"><span class='ocrx_word' id='word_1_180' title='bbox 308 3977 447 4066; x_wconf 88' lang='lat' dir='ltr'>iuquit,</span> <span class='ocrx_word' id='word_1_181' title='bbox 477 3986 510 4048; x_wconf 90' lang='lat' dir='ltr'>et</span> <span class='ocrx_word' id='word_1_182' title='bbox 536 3977 716 4067; x_wconf 89' lang='lat' dir='ltr'>plusieurs</span> <span class='ocrx_word' id='word_1_183' title='bbox 740 3986 859 4051; x_wconf 86' lang='lat' dir='ltr'>autres</span> <span class='ocrx_word' id='word_1_184' title='bbox 888 3997 1041 4050; x_wconf 86' lang='lat' dir='ltr'>mesmes</span> <span class='ocrx_word' id='word_1_185' title='bbox 1071 3977 1188 4050; x_wconf 86' lang='lat' dir='ltr'>tailles</span> <span class='ocrx_word' id='word_1_186' title='bbox 1216 3995 1262 4048; x_wconf 88' lang='lat' dir='ltr'>ue</span> <span class='ocrx_word' id='word_1_187' title='bbox 1294 3976 1370 4050; x_wconf 82' lang='lat' dir='ltr'>font</span> 
     </span>
     <span class='ocr_line' id='line_1_29' title="bbox 311 4102 1370 4193; baseline 0.003 -22"><span class='ocrx_word' id='word_1_188' title='bbox 311 4102 360 4172; x_wconf 92' lang='lat' dir='ltr'>les</span> <span class='ocrx_word' id='word_1_189' title='bbox 380 4102 611 4174; x_wconf 87' lang='lat' dir='ltr'>rhetoricions</span> <span class='ocrx_word' id='word_1_190' title='bbox 630 4105 785 4193; x_wconf 84' lang='lat' dir='ltr'>quelque</span> <span class='ocrx_word' id='word_1_191' title='bbox 801 4103 940 4182; x_wconf 87' lang='lat' dir='ltr'>estimo,</span> <span class='ocrx_word' id='word_1_192' title='bbox 958 4122 1049 4193; x_wconf 91' lang='lat' dir='ltr'>pour</span> <span class='ocrx_word' id='word_1_193' title='bbox 1069 4121 1106 4174; x_wconf 88' lang='lat' dir='ltr'>oe</span> <span class='ocrx_word' id='word_1_194' title='bbox 1123 4103 1272 4193; x_wconf 88' lang='lat' dir='ltr'>qu’elles</span> <span class='ocrx_word' id='word_1_195' title='bbox 1288 4109 1370 4174; x_wconf 93' lang='lat' dir='ltr'>sout</span> 
     </span>
    </p>

    <p class='ocr_par' dir='ltr' id='par_1_8' title="bbox 310 4201 1432 4442">
     <span class='ocr_line' id='line_1_30' title="bbox 310 4201 1432 4317; baseline 0.002 -22"><span class='ocrx_word' id='word_1_196' title='bbox 310 4225 481 4298; x_wconf 85' lang='lat' dir='ltr'>ricieusos</span> <span class='ocrx_word' id='word_1_197' title='bbox 501 4234 535 4298; x_wconf 89' lang='lat' dir='ltr'>et</span> <span class='ocrx_word' id='word_1_198' title='bbox 555 4226 845 4299; x_wconf 78' lang='lat' dir='ltr'>condemnantes.</span> <span class='ocrx_word' id='word_1_199' title='bbox 864 4227 951 4298; x_wconf 87' lang='lat' dir='ltr'>ltlals</span> <span class='ocrx_word' id='word_1_200' title='bbox 972 4227 1031 4317; x_wconf 93' lang='lat' dir='ltr'>qui</span> <span class='ocrx_word' id='word_1_201' title='bbox 1050 4227 1146 4299; x_wconf 89' lang='lat' dir='ltr'>veult</span> <span class='ocrx_word' id='word_1_202' title='bbox 1166 4225 1369 4317; x_wconf 91' lang='lat' dir='ltr'>practiquer</span> <span class='ocrx_word' id='word_1_203' title='bbox 1430 4201 1432 4206; x_wconf 35' lang='lat'>⁵</span> 
     </span>
     <span class='ocr_line' id='line_1_31' title="bbox 311 4351 1368 4442; baseline 0.002 -22"><span class='ocrx_word' id='word_1_204' title='bbox 311 4351 345 4420; x_wconf 94' lang='lat' dir='ltr'>la</span> <span class='ocrx_word' id='word_1_205' title='bbox 364 4351 502 4424; x_wconf 87' lang='lat' dir='ltr'>sciouoe</span> <span class='ocrx_word' id='word_1_206' title='bbox 521 4351 694 4423; x_wconf 87' lang='lat' dir='ltr'>choisisse</span> <span class='ocrx_word' id='word_1_207' title='bbox 712 4351 871 4442; x_wconf 87' lang='lat' dir='ltr'>plaisans</span> <span class='ocrx_word' id='word_1_208' title='bbox 891 4353 1122 4442; x_wconf 81' lang='lat' dir='ltr'>equivoqueS,</span> <span class='ocrx_word' id='word_1_209' title='bbox 1142 4359 1271 4424; x_wconf 91' lang='lat' dir='ltr'>termes</span> <span class='ocrx_word' id='word_1_210' title='bbox 1292 4351 1368 4423; x_wconf 91' lang='lat' dir='ltr'>leo-</span> 
     </span>
    </p>
   </div>
   <div class='ocr_carea' id='block_1_4' title="bbox 0 0 1802 5282">
    <p class='ocr_par' dir='ltr' id='par_1_9' title="bbox 0 0 1802 5282">
     <span class='ocr_line' id='line_1_32' title="bbox 0 0 1802 5282; baseline 0 0"><span class='ocrx_word' id='word_1_211' title='bbox 0 0 1802 5282; x_wconf 95' lang='lat' dir='ltr'> </span> 
     </span>
    </p>
   </div>
  </div>
 </body>
</html>
