3552 5282
744 673 903 734 ..51-

294 813 398 886 nobis
417 812 591 894 laudatio
612 813 712 902 cnjns
734 812 783 884 roi
805 811 896 882 dnae
913 819 999 883 sont
1022 828 1149 882 causae
1178 834 1187 879 ε
1218 812 1251 879 t⁰
1278 811 1355 881 tam

293 938 517 1011 decrescente
555 937 696 1009 saeculo
729 936 856 1027 quinto
890 935 1040 1014 decimo,
1076 934 1213 1025 poetica
1246 935 1356 1025 lyrica

294 1064 522 1137 multiformis
542 1063 632 1134 iacta
652 1070 723 1143 est,
746 1080 825 1133 cnm
847 1061 1052 1133 Moiinettns
1074 1061 1205 1150 eteius
1227 1060 1355 1151 magis·

294 1197 346 1262 ter
364 1188 581 1267 Chastelaim
598 1188 747 1279 ejnsqne
763 1186 931 1276 discipuli
948 1187 1122 1276 plurimas
1138 1185 1356 1275 easdemque

294 1332 403 1386 novas
423 1313 554 1385 iormas
575 1312 790 1384 invenerint.
820 1313 856 1381 2⁰
876 1311 1059 1384 Molinetto
1083 1311 1121 1382 in
1141 1311 1262 1383 animo
1289 1309 1357 1382 init

295 1446 443 1510 tractare
459 1437 503 1510 de
518 1438 687 1509 omnious
705 1437 791 1510 artis
812 1436 988 1527 partibus,
1006 1438 1139 1528 quippe
1160 1437 1221 1527 qni
1237 1438 1355 1527 coins·

294 1562 382 1634 tibet
399 1563 566 1634 carminis
591 1564 746 1654 reguiam
774 1561 963 1643 adhibeat;
989 1562 1248 1635 concremant
1275 1580 1353 1636 sae·

295 1687 377 1779 pius
396 1687 568 1770 declarem
598 1688 660 1778 qni
689 1695 812 1778 poetae
835 1688 939 1785 certis
968 1707 1135 1760 versuum
1156 1687 1278 1760 tarmis
1299 1690 1354 1760 nsi

296 1813 370 1885 sint
388 1822 422 1886 et
439 1812 641 1903 quomodo;
664 1831 840 1903 quaenam
862 1812 1018 1903 denique
1038 1821 1179 1885 exstent
1198 1814 1355 1885 carmina

296 1938 491 2011 secundnm
515 1939 653 2030 regulas
673 1939 815 2028 abipso
837 1913 938 2010 datae
958 1939 1166 2029 composita.

344 2065 459 2155 Magni
500 2064 608 2155 igitur
646 2063 815 2136 momenti
854 2082 933 2135 osse
977 2063 1138 2136 dicamus
1182 2063 1356 2135 Moiinetti

295 2188 414 2261 Artem
441 2189 679 2270 rhetoricam;
709 2189 863 2280 primnm
886 2197 1029 2279 propter
1057 2189 1169 2260 libelii
1197 2189 1357 2290 lucuten-

295 2320 366 2384 tam
386 2314 591 2392 materiem:
613 2313 744 2387 deinde
763 2321 906 2405 propter
930 2314 1113 2405 scriptoris
1138 2314 1254 2404 ipsius
1275 2332 1357 2384 anc-

295 2439 492 2520 toritatem,
517 2439 579 2530 qui
607 2438 700 2511 inter
727 2455 851 2510 omnes
883 2439 1053 2529 temporis
1074 2439 1172 2508 iitins
1200 2438 1357 2528 poeticae

296 2565 484 2676 magistros
504 2564 616 2638 evasit
635 2564 957 2640 eminentissimum
