3552 5282
755 561 915 624 ..37-

303 699 500 787 specimina
519 698 615 783 citat,
633 699 727 770 inter
746 716 837 788 quae
855 699 945 770 illud
961 699 1157 772 willhelmi
1175 700 1295 772 Alexis
1313 701 1369 772 eui

301 821 353 894 Le
377 819 510 892 Blasea
542 822 602 892 des
633 821 969 914 squammosus,
1000 824 1171 914 aliudque
1194 823 1370 895 Iohannis

303 948 465 1038 Majuris‚
500 949 556 1021 uui
581 946 748 1018 Valetude
775 947 818 1016 de
848 947 883 1016 la
913 947 1014 1017 reme
1039 947 1213 1038 deffunete
1243 949 1369 1020 titulus

303 1071 498 1162 inscriptus
518 1080 584 1144 est.
694 1155 696 1162 ¹

352 1196 482 1268 Eadem
505 1215 546 1269 ae
558 1196 763 1270 Molinellus
782 1196 826 1267 lle
843 1194 1054 1288 rl'qeemqee
1069 1187 1370 1286 diuatimaque

302 1320 401 1392 aliud
427 1321 602 1411 poematis
626 1339 739 1412 genus
763 1338 862 1402 esse,
885 1321 927 1390 in,
948 1339 1020 1410 que
1047 1338 1170 1391 versus
1195 1327 1369 1409 quaterno

303 1444 470 1534 rhythmo
500 1445 549 1515 ila
575 1450 840 1534 componuntur
863 1466 871 1512 :
898 1440 1370 1513 ababbebecdodde

201 1611 203 1616 ,
302 1565 370 1647 de,
388 1543 454 1640 ete.
477 1569 516 1639 ln
538 1569 604 1640 hee
624 1567 755 1639 deinde
775 1586 854 1639 eum
872 1567 1054 1640 Molinetto
1075 1567 1193 1638 denuo
1212 1567 1369 1640 concinit

302 1691 398 1781 quod
416 1691 512 1763 istud
528 1690 597 1763 vlle
616 1689 785 1763 carminis
804 1708 917 1782 genus
938 1691 1037 1781 quod
1055 1690 1287 1781 baqueeaude
1304 1710 1368 1763 uo·

301 1815 480 1898 minatur,
502 1816 785 1908 thytlimumque
811 1814 854 1884 de
872 1821 975 1906 yoret
995 1824 1030 1888 et
1052 1815 1238 1888 verberum
1264 1817 1368 1888 item·

302 1941 419 2013 tiones
440 1940 565 2031 reiicit.

350 2069 400 2138 De
427 2067 630 2156 aequivocis
658 2067 777 2140 verbis
802 2068 957 2157 plurima
981 2066 1157 2158 exponit:
1180 2067 1367 2159 rhythmos

304 2190 515 2280 aequivocos
546 2209 587 2262 ex
610 2209 681 2262 uuo
699 2188 751 2282 (l)
776 2192 828 2262 vel
850 2191 1016 2280 pluribus
1036 2191 1217 2262 vocabulis
1245 2189 1291 2283 (2)
1314 2190 1365 2262 ei·

303 2313 359 2386 liei
372 2335 383 2408 3
397 2331 477 2387 esse
494 2315 600 2386 eliam
618 2333 740 2386 versus
756 2332 798 2386 ex
814 2315 933 2405 priore
947 2306 1175 2386 hemistichie
1189 2321 1223 2385 et
1241 2314 1366 2404 rhyth-

302 2440 370 2510 mis
399 2437 446 2532 (5)
478 2439 531 2511 vel
559 2441 657 2511 omni
685 2459 727 2512 ex
755 2447 856 2534 parte
882 2437 933 2532 (l)
963 2438 1202 2529 aequivocos;
1235 2439 1366 2511 latinos

301 2564 519 2655 gallicosque
532 2582 655 2637 versus
672 2566 765 2638 inter
777 2584 815 2637 se
825 2565 956 2662 mixtos
969 2564 1187 2654 eosdemque
1199 2564 1366 2654 aequivo-

301 2705 360 2758 cos
384 2685 460 2782 (5);
488 2688 559 2758 alia
581 2688 854 2780 aequivocorum
878 2688 1064 2760 verberum
1092 2707 1221 2778 genem
1247 2686 1368 2756 ‹dou-

301 2809 355 2882 ele
368 2811 582 2882 unisonaece
598 2839 612 2875 ι
634 2814 685 2885 vel
703 2839 720 2876 l
735 2811 840 2904 imple
854 2811 1066 2882 unisonaeee
1081 2839 1096 2876 ν
1112 2812 1236 2902 gallice
1251 2812 1362 2894 dieta3

334 3171 367 3232 (Ι)
493 3170 547 3229 Qui
563 3171 605 3219 n'a
620 3171 696 3220 lorea
712 3175 807 3233 algent
822 3175 850 3220 et
864 3175 944 3220 avoir

490 3259 514 3307 A
529 3259 610 3321 peine
623 3259 700 3321 peult
714 3272 792 3321 amys
808 3261 896 3308 avoir.

331 3347 365 3409 (l)
491 3346 528 3396 Se
542 3360 607 3395 mon
621 3361 708 3396 eueur
722 3347 764 3395 fut
780 3350 814 3396 de
830 3349 872 3396 ire
886 3361 944 3407 pou
959 3351 1081 3408 resjouy,

492 3434 597 3494 Gentes,
614 3449 685 3498 pour
701 3449 780 3498 vray,
796 3438 857 3484 dira
867 3449 994 3496 pomeray
1008 3438 1036 3496 je
1051 3451 1116 3498 ouy.

332 3525 365 3587 (3)
399 3527 465 3581 Filz.
480 3539 534 3585 par
549 3527 667 3585 escriptz
678 3525 734 3588 j’ay
750 3538 815 3574 sceu
831 3539 884 3588 que
901 3538 957 3587 ung
969 3527 1042 3588 jour,
1058 3540 1074 3574 a
1089 3530 1161 3582 Han.

397 3617 445 3663 Fla
458 3617 563 3674 pareilz
576 3617 632 3663 eriz
647 3614 782 3664 d'homme
798 3615 845 3677 qui
862 3615 966 3663 souffre
979 3618 1083 3666 alsam...

331 3702 364 3766 (l)
400 3707 541 3765 Teurnay,
557 3709 660 3752 enlour
674 3717 704 3751 aa
719 3707 783 3763 [olle
801 3706 1052 3765 eultrecuydance‚

401 3795 549 3852 Teurnaye
562 3805 597 3840 en
614 3797 692 3850 teum
706 3806 735 3840 se
750 3793 842 3852 assella
857 3795 948 3840 oultre
962 3795 1012 3851 qui
1027 3795 1125 3842 danae.

330 3880 363 3943 (5)
489 3880 563 3929 Tuos
579 3884 608 3928 tu
626 3880 711 3928 efficis
727 3894 819 3937 cecos,

486 3969 552 4018 Puis
568 3969 687 4018 soudain
700 3971 740 4018 les
756 3968 840 4017 rendz
857 3970 919 4031 plus
935 3982 994 4018 seez
1007 3981 1060 4029 que
1076 3981 1120 4027 os,-

485 4058 581 4107 Fidem
596 4057 669 4106 haud
683 4072 795 4106 servare
809 4063 897 4117 poles,

485 4146 538 4196 Par
554 4153 602 4209 toy
617 4152 666 4195 tou
681 4149 740 4206 serf
751 4162 767 4194 e
783 4159 864 4205 repes
879 4150 942 4204 tela,

485 4235 590 4296 Nempe
606 4235 671 4297 quia
685 4237 828 4294 plurimes
843 4239 990 4294 sumptus,

485 4323 520 4373 nt
533 4323 589 4373 lorl
605 4328 690 4386 quant
702 4326 770 4385 plus
784 4325 833 4386 νὴ,
849 4327 922 4374 metz
934 4327 999 4373 sont
1014 4327 1103 4375 (θαι...
