3584 5286
768 685 803 694 -
828 650 904 710 3..

353 787 471 860 Prima
492 787 619 859 borum
638 785 812 857 librorum
830 783 967 858 utilitas
985 804 1027 858 ex
1048 787 1125 876 ipsa
1142 789 1291 860 materia
1310 808 1371 881 ap-

305 895 425 1004 paret3
444 911 599 991 etenim,
623 918 661 982 ut
689 929 798 1001 snpra
826 909 958 981 dictum
988 917 1061 990 est,
1089 912 1287 983 accuratius
1309 912 1373 984 ad-

303 1036 512 1127 junctisque
531 1034 705 1125 exemplis
727 1034 998 1106 versificationis
1023 1036 1117 1126 leges
1141 1037 1320 1127 explicant
1339 1046 1373 1109 et

308 1159 436 1232 docent
464 1175 555 1249 quae
581 1159 638 1229 lris
662 1157 885 1248 temporibus
910 1157 1044 1229 lormae
1069 1159 1106 1229 in
1128 1179 1196 1231 usu
1216 1160 1371 1243 luerint,

308 1283 546 1374 multiplices,
580 1283 813 1374 scrupulosae
846 1291 880 1355 et
913 1284 1015 1372 quasi
1050 1277 1375 1375 implicitae.'lnde

310 1409 418 1500 igitur
433 1393 528 1479 certo
544 1424 757 1498 cognoscere
769 1407 850 1479 licet
864 1414 898 1478 et
913 1406 1166 1480 multiformem
1179 1409 1278 1480 illam
1289 1429 1375 1501 poe-

311 1533 500 1606 matiorum
531 1532 695 1638 turbem,
717 1528 908 1614 resideam,
930 1531 1097 1617 bullatas,
1119 1533 1375 1621 seroootost'm,

310 1655 395 1740 lais,
417 1655 578 1739 oirelois,
598 1655 812 1750 postorales,
835 1662 897 1727 etc.
907 1687 922 1741 ,·
941 1662 976 1728 ct
1001 1665 1088 1748 quot
1119 1659 1376 1731 variationibus

311 1781 487 1872 cujnsque
513 1798 635 1852 eorum
667 1779 781 1873 figura
807 1782 979 1872 paulatim
1012 1783 1200 1855 immutata
1233 1783 1291 1855 sit.
1315 1785 1379 1856 Tot

312 1906 558 1978 inconstantes
582 1913 617 1977 et
638 1905 742 1996 quasi
767 1904 932 1996 fugitivas
957 1906 1090 1978 formas
1111 1907 1379 1998 deprehendere

254 2105 256 2108 ,
314 2039 348 2103 et
375 2029 478 2119 sequi
505 2048 717 2121 possumus,
741 2048 782 2101 en
811 2048 881 2119 qno
906 2031 1041 2120 primas
1065 2031 1147 2102 novi
1171 2032 1224 2103 illi
1244 2031 1380 2106 fructus

313 2172 471 2246 gemmas
500 2162 669 2244 egerunt,
696 2160 735 2224 ut
759 2149 932 2244 Stephani
954 2156 1109 2226 Pascasii
1137 2156 1244 2228 verba
1271 2177 1377 2230 usur·

314 2297 394 2370 pem
417 2275 477 2373 (l),
501 2279 614 2350 donec
640 2279 878 2358 marcuerint3
902 2279 964 2369 qni
992 2280 1137 2369 quidem
1163 2281 1200 2351 in
1223 2287 1380 2362 ¹veterem

315 2411 458 2476 nostrae
484 2381 605 2495 poesis
633 2404 791 2495 stipitem
820 2403 939 2486 insiti,
960 2421 1102 2476 omnem
1132 2406 1209 2496 ejus
1237 2423 1381 2476 succum

315 2529 570 2601 exhauserunt.
709 2541 711 2547 “
1056 2547 1057 2552 ‘

365 2652 465 2724 nuno
486 2652 583 2743 quod
604 2671 660 2725 res
687 2659 815 2723 natura
836 2651 1147 2734 indissecabiles,
1168 2653 1254 2723 binc
1271 2653 1382 2742 poeti·

317 2796 400 2852 cnm
417 2777 537 2872 ipsum
556 2777 757 2868 ingenium,
775 2777 876 2847 illinc
894 2775 1027 2848 formae
1048 2778 1180 2866 quibus
1199 2777 1384 2868 ingenium

196 3001 203 3014 ι
320 2901 449 2985 utitur,
472 2902 630 2996 separari
656 2901 865 2989 neutiquam
887 2907 1059 2990 possunt,
1082 2919 1147 2971 nec
1169 2900 1213 2972 de
1233 2920 1304 2971 una
1322 2921 1386 2972 an-

321 3026 416 3116 quiri
435 3026 516 3098 licet
531 3028 618 3115 quin
638 3026 684 3100 rie
700 3025 814 3122 altera
833 3025 941 3097 simul
959 3011 1095 3116 agatur.
1115 3027 1247 3127 Horum
1264 3027 1386 3115 itaque

321 3152 494 3223 librorum
518 3157 699 3232 auctores,
720 3151 885 3241 quamvis
905 3168 979 3222 non
998 3149 1186 3222 ostendere
1205 3149 1388 3222 destinent

322 3293 414 3368 quae
434 3276 582 3358 Sitillia
599 3275 835 3366 temporibus,
853 3277 990 3368 poetica
1006 3274 1165 3355 facultas,
1184 3274 1387 3346 inconsulto

322 3408 440 3472 tamen
462 3408 496 3472 et
515 3400 613 3472 alind
634 3407 792 3496 agentes,
816 3419 889 3472 rem
910 3400 1054 3490 proprio
1076 3399 1258 3490 proposito
1277 3398 1388 3470 conti-

323 3544 427 3616 guam
454 3525 635 3615 attingunt
658 3532 693 3595 et
717 3525 883 3615 oblique,
905 3531 945 3595 ut
964 3527 1013 3595 ita
1034 3524 1167 3605 dicam,
1191 3524 1386 3594 illustrant.

324 3651 415 3722 Hinc
434 3649 542 3740 igitur
560 3648 638 3720 lieri
659 3655 776 3738 potest
786 3655 834 3751 ‚ut
854 3648 1056 3721 ediscamus
1077 3665 1168 3737 quae
1188 3629 1300 3718 lueritw
1315 3654 1388 3718 tum

198 3855 200 3860 ,
323 3773 420 3866 apud
439 3774 559 3846 Gallos
587 3775 706 3864 poesis
735 3774 895 3858 lortuna,
918 3793 989 3864 quo
1019 3773 1152 3844 scilicet
1178 3771 1282 3844 morlo
1311 3774 1390 3862 qui·

325 3898 467 3988 busque
487 3899 782 3972 fluctuationibus
802 3899 1029 3970 laboraverit.

377 4024 484 4095 Plura
514 4043 658 4116 quoque
694 4025 891 4115 praeceptis
926 4023 1089 4113 exempla
1124 4021 1390 4112 adiunguntur,

330 4150 426 4222 unde
445 4168 518 4221 non
540 4150 802 4222 contemnenda
822 4149 958 4254 utilitas
979 4173 987 4218 :
1010 4148 1069 4220 bic
1094 4148 1190 4220 enim
1217 4147 1393 4238 quaedam

364 4431 397 4494 (1)
412 4433 581 4481 Recbercbes
597 4433 631 4481 de
646 4434 673 4480 ta
687 4435 805 4493 France,
820 4431 867 4480 lib.
885 4429 946 4481 Vll.
