3552 5282
900 612 1080 672 -lltl-

459 749 614 838 quadarn
630 749 827 838 eademque
843 750 1047 840 antiquiore
1062 755 1226 838 excerpta
1241 747 1303 820 sit.
1320 749 1525 820 Verisimile

459 873 627 944 esleliam
643 873 678 942 in
691 873 778 943 locis
791 872 1082 962 septentrionalis
1094 873 1243 970 Galliae,
1258 873 1317 943 ubi
1328 873 1525 963 quotannis

459 996 534 1067 ludi
562 996 688 1086 poetici
715 996 1000 1076 celebrabantur,
1026 995 1165 1067 codices
1193 995 1304 1067 luisse
1331 996 1526 1087 inquibus

460 1121 554 1210 leges
574 1127 608 1190 et
627 1121 843 1208 exemplaria
863 1119 1061 1192 carminum
1082 1120 1120 1189 iu
1135 1119 1395 1191 certaminibus
1415 1120 1526 1192 susci·

460 1242 672 1334 piendorum
690 1252 917 1316 servarentur
930 1267 939 1325 ;
953 1252 1061 1333 alque
1076 1244 1144 1314 boc
1159 1244 1248 1314 mibi
1263 1262 1305 1315 eo
1319 1242 1527 1315 credibilius

462 1367 601 1439 videtur
617 1367 714 1457 quud
732 1367 908 1458 ejusmodi
927 1368 1074 1447 librum,
1093 1386 1165 1457 quo
1180 1367 1346 1442 Tolosaui
1362 1387 1384 1438 a
1400 1373 1528 1457 quarto

460 1492 599 1564 decimo
620 1493 762 1564 saeculo
782 1493 826 1564 ad
844 1491 986 1582 florales
1000 1491 1172 1564 ludosusi
1192 1500 1288 1571 sunt,
1308 1489 1529 1564 etiamnunc

462 1616 651 1689 babemus
674 1618 762 1707 Spes
783 1617 891 1708 igitur
918 1618 1007 1688 mibi
1034 1625 1090 1690 est
1116 1618 1190 1689 lore
1216 1617 1338 1689 otalii
1363 1617 1528 1707 bujusra-

463 1741 560 1812 modi
581 1740 694 1812 libelli
716 1741 835 1812 adbuc
851 1739 1005 1814 lete'ntes
1025 1741 1062 1812 iu
1083 1740 1198 1814 lucam
1216 1741 1437 1812 emittantur.

512 1866 549 1937 Si
565 1865 638 1936 diri
655 1865 846 1956 scriptores
865 1866 1004 1938 Artium
1026 1867 1234 1938 Rhetoricae
1253 1864 1474 1956 rbytbmicae
1490 1864 1528 1934 in

463 1991 585 2062 animo
612 1991 784 2062 babuisse
810 2009 882 2062 non
905 1998 944 2062 ut
967 1998 1090 2081 poetas
1111 1998 1288 2069 crearent,
1315 1989 1378 2062 sed
1405 1997 1445 2060 ut
1467 2007 1529 2060 eos

464 2115 527 2204 qui
549 2134 570 2185 a
589 2121 716 2184 natura
735 2113 919 2204 ingenium
941 2114 1142 2204 acceperint
1160 2114 1311 2185 usitatos
1331 2112 1529 2184 carminum

465 2235 590 2309 modos
605 2238 787 2320 docerent,
801 2257 872 2310 non
888 2239 955 2310 boc
967 2245 1087 2309 tamen
1102 2237 1332 2309 infitiandum
1348 2235 1526 2314 existimo,

464 2363 495 2433 si
516 2362 714 2434 accuratius
735 2363 940 2434 interiorem
959 2380 1081 2434 eorum
1103 2369 1257 2433 mentem
1277 2363 1453 2452 explores,
1469 2377 1529 2432 eos

464 2486 614 2558 artificio
641 2487 772 2557 nimias
794 2461 911 2576 nantes
932 2487 1116 2558 tribuisse.
1138 2487 1260 2576 Neque
1279 2487 1387 2557 eliam
1403 2485 1531 2556 dubito

465 2612 554 2700 quin
575 2613 667 2682 inter
687 2629 749 2682 eos
769 2611 978 2701 praesertim
1000 2611 1228 2688 recentiores,
1252 2611 1284 2681 si
1299 2611 1402 2680 Artes
1422 2607 1533 2698 poeti·

465 2753 539 2813 cas,
561 2736 669 2825 bujus
694 2735 840 2805 nomine
866 2753 946 2806 vere
971 2733 1111 2824 dignas,
1131 2733 1287 2806 scribare
1314 2733 1528 2812 voluissent,

468 2859 522 2928 vix
545 2861 759 2949 paucissima
780 2860 824 2929 iis
846 2877 938 2948 quae
958 2858 1002 2929 de
1023 2858 1198 2930 rbetorica
1223 2857 1445 2948 scripserunt
1463 2855 1527 2926 ad·

465 2980 549 3052 dere
574 2982 787 3071 potuissent.
811 2980 881 3053 Sed
901 2979 997 3070 quod
1016 2980 1175 3053 lecerunt
1188 3005 1199 3062 ,·
1220 3000 1291 3052 uon
1313 2979 1401 3071 quid
1419 2980 1532 3052 lacere

467 3106 663 3195 potuerint,
682 3104 818 3192 judico.

515 3229 699 3311 Attamen,
722 3247 800 3298 cum
837 3227 1087 3319 fingendorum
1119 3231 1317 3300 carminum
1347 3229 1441 3320 legas
1466 3229 1534 3300 im·

469 3350 607 3422 modice
629 3369 778 3424 numero
798 3353 918 3442 augeri
940 3353 1063 3434 video,
1085 3373 1157 3424 uon
1181 3372 1328 3444 possum
1355 3355 1442 3445 quin
1459 3353 1534 3424 'boc

471 3475 728 3564 praesentiam,
756 3476 829 3546 lure
858 3485 895 3547 ut
925 3478 1015 3549 istae
1044 3479 1256 3568 scriptorum
1285 3479 1532 3569 cogitationem

471 3601 551 3688 olus
568 3601 665 3688 justo
685 3607 877 3689 occupent,
901 3600 998 3673 baud
1028 3603 1107 3674 sine
1126 3621 1255 3692 magno
1275 3603 1533 3674 sententiarum

470 3724 706 3804 detrimento,
729 3725 1001 3815 sententiaeque
1026 3745 1152 3796 rursus
1170 3726 1363 3797 lormarum
1383 3726 1536 3799 viriculis

472 3847 664 3938 impeditae
684 3867 756 3918 non
773 3849 845 3938 jam
870 3851 1124 3922 convenienter
1144 3851 1312 3940 explicari
1332 3852 1485 3941 possint.

521 3973 638 4056 Quare
668 3991 748 4043 uero
777 3981 900 4062 [laetae
926 3981 1104 4045 nostrates
1128 3981 1239 4046 artem
1265 3975 1378 4064 pluris
1402 3974 1439 4044 in
1458 3973 1537 4046 dies

473 4095 645 4180 iecerint?
677 4099 768 4168 Sunt
800 4099 862 4188 qui
889 4099 1072 4190 ingenium
1099 4099 1242 4170 alfetum
1270 4105 1418 4188 putent;
1448 4097 1535 4169 mibi

472 4239 554 4292 vero
580 4211 648 4292 boc
674 4221 718 4294 de
746 4231 890 4306 natura,
914 4242 1005 4313 quae
1033 4243 1219 4314 uunquam
1249 4224 1420 4306 senescit,
1444 4243 1538 4314 quae

473 4345 597 4418 eadem
617 4365 758 4438 semper
780 4348 991 4420 liberalitate
1011 4349 1049 4420 in
1070 4350 1235 4421 bomines
1257 4347 1383 4432 utitur,
1403 4349 1534 4422 irreve-
