3552 5282
871 593 1033 656 -92-

419 738 495 802 tant
512 750 533 801 a
552 730 684 810 triolet,
707 727 922 826 [rondeaux]
944 731 1107 822 simplus,
1128 732 1312 804 ronduaux
1332 732 1484 805 douhles

418 873 488 945 que
516 854 727 935 redouhlen,
751 875 780 924 r.
803 855 847 926 de
876 855 1027 946 virelay,
1049 875 1079 926 r.
1103 855 1148 927 de
1167 856 1242 948 lay,
1273 876 1301 926 r.
1324 857 1484 929 d’arhres

344 969 347 974 ’
419 978 582 1086 lonrchu,
607 997 636 1048 r.
659 977 752 1050 dicto
771 978 934 1070 kyrielle,
958 999 989 1049 r.
1011 980 1265 1061 concathenee,
1285 999 1315 1050 r.
1338 982 1482 1061 moslee,

420 1122 449 1172 r.
470 1109 559 1174 teste
578 1109 613 1174 ot
632 1120 767 1192 queue,
788 1122 817 1173 r.
841 1121 967 1184 senec,
986 1123 1015 1174 r.
1038 1104 1173 1188 brisce,
1199 1125 1229 1175 r.
1251 1104 1343 1178 dicte
1361 1106 1485 1197 dyalo-

418 1246 504 1317 guo,
526 1245 556 1297 r.
576 1226 797 1317 burgareda,
819 1247 849 1297 r.
870 1228 1082 1318 pasturelle,
1105 1247 1135 1298 r.
1158 1227 1251 1301 dicte
1271 1229 1483 1320 chanoaldi,

420 1370 449 1421 r.
473 1349 635 1440 d'espece
655 1350 700 1422 do
720 1350 902 1441 palinude,
925 1371 955 1422 r.
979 1352 1122 1425 leonine
1142 1370 1186 1423 en
1208 1353 1316 1435 stille,
1340 1372 1369 1425 r.
1394 1353 1486 1427 dicte

419 1475 583 1566 epilogue
607 1493 653 1546 ou
680 1475 807 1558 latras,
830 1495 861 1547 r.
892 1477 985 1548 dicte
1011 1485 1237 1570 sorrantoys,
1260 1497 1289 1548 r.
1314 1479 1484 1561 raudera,

421 1619 450 1669 r.
473 1599 517 1670 de
536 1607 648 1690 goret,
668 1618 697 1669 r.
720 1618 741 1669 a
761 1607 892 1671 termes
912 1601 1123 1684 contraires,
1143 1621 1172 1672 r.
1195 1601 1240 1674 de
1259 1603 1433 1685 chanson,
1454 1622 1484 1673 r.

420 1723 592 1804 hattelce,
614 1741 643 1793 r.
667 1741 849 1805 annexae,
873 1744 902 1794 r.
925 1724 1087 1796 iratrisee
1107 1726 1343 1806 entrolassee,
1367 1747 1395 1798 r.
1422 1745 1485 1798 en-

421 1849 603 1928 malsono,
626 1867 655 1918 r.
679 1847 915 1938 retrogradae,
937 1867 967 1918 r.
991 1849 1226 1939 equiroquee.
1245 1868 1274 1920 r.
1297 1868 1486 1931 coronnue,

422 1992 451 2043 r.
471 1973 681 2064 emperiam,
699 1991 728 2041 r.
749 1972 793 2043 de
809 1990 916 2063 equo,
936 1991 964 2042 r.
981 1972 1228 2054 alexandrine,
1244 1993 1272 2044 r.
1291 1973 1383 2045 dicto
1400 1974 1490 2047 d'os-

421 2097 597 2186 chlquier,
619 2096 751 2168 lormes
773 2096 817 2167 de
836 2096 998 2168 hellades
1018 2103 1053 2166 el
1073 2094 1119 2167 de
1138 2097 1265 2168 chanlz
1285 2099 1445 2189 royaulr.
1468 2125 1483 2162 s

474 2223 534 2292 llis
555 2221 808 2311 damnosius,
832 2227 956 2292 contra
977 2220 1172 2292 femininae
1193 2239 1360 2294 caesurae
1380 2223 1487 2313 leges,

423 2364 515 2436 quae
540 2347 614 2436 jam
636 2346 919 2427 invalescebant,
949 2364 1112 2438 quasque
1138 2347 1175 2418 iu
1203 2347 1387 2437 superiore
1408 2348 1491 2420 llrte

423 2478 629 2562 praeceptas
645 2470 815 2552 vidimus,
834 2472 946 2542 multa
963 2478 998 2542 et
1014 2470 1155 2552 acerha,
1179 2471 1329 2544 eFahro
1350 2479 1385 2544 et
1400 2471 1491 2544 lihro

424 2596 632 2686 provinciali
649 2595 755 2666 modo
770 2596 915 2667 laudato
931 2596 1102 2686 pleraque
1122 2602 1280 2686 sumpta,
1294 2597 1489 2687 expromit;

424 2721 696 2811 concluditque,
725 2738 804 2792 cum
836 2737 983 2792 necesse
1010 2719 1057 2792 sit
1086 2720 1210 2792 eadam
1238 2721 1426 2793 intervalla
1453 2722 1491 2792 in

426 2843 543 2916 media
560 2863 684 2918 versus
704 2853 804 2936 parte
823 2853 931 2934 atque
950 2845 987 2916 in
1009 2853 1167 2916 extrema
1185 2837 1278 2927 sint,
1304 2847 1490 2918 elisionem

425 2970 463 3040 iu
483 2987 630 3042 caesura
648 2969 812 3041 villosam
834 2987 926 3055 osse,
947 2969 1196 3062 syllahamque
1214 2969 1439 3052 femininam,
1462 2971 1491 3042 si

425 3094 463 3164 in
481 3093 554 3165 lina
572 3094 703 3185 prioris
724 3092 942 3166 hemistichii
963 3095 1023 3177 sit,
1048 3112 1111 3184 pro
1136 3092 1251 3166 nihilo
1272 3094 1488 3166 hahendam.

425 3218 519 3289 Haec
560 3225 614 3289 ost
652 3235 759 3307 quam
799 3235 896 3288 nunc
931 3215 1070 3308 epicam
1108 3235 1291 3290 caesuram
1331 3220 1490 3309 appella·

426 3361 520 3414 mus.
1445 3329 1447 3332 ⁴

475 3467 614 3539 Deinde
637 3469 829 3539 Gratianus
850 3469 945 3558 leges
966 3486 1059 3558 quae
1080 3467 1125 3539 ad
1148 3467 1289 3558 singula
1307 3468 1492 3558 rhythmo·

428 3611 505 3663 rum
530 3610 659 3682 genera
685 3592 869 3682 pertinent
894 3591 1078 3683 expandit.
1108 3593 1185 3676 Qua
1211 3591 1248 3661 in
1276 3609 1313 3662 re
1340 3585 1493 3662 Fahrum

426 3717 602 3806 seqnitur,
624 3717 701 3806 ejus
722 3724 912 3807 praecepta
933 3715 1039 3788 modo
1060 3716 1226 3806 explicat,
1248 3715 1354 3787 modo
1375 3733 1495 3806 repre-

426 3841 566 3923 hendit,
588 3850 648 3912 aut
669 3841 776 3913 etlam
798 3842 972 3931 legentem
990 3841 1035 3912 ad
1051 3859 1092 3912 ea
1110 3841 1236 3930 rejicit.
1258 3842 1335 3912 Non
1356 3857 1497 3929 semper

426 3984 507 4037 vero
529 3965 676 4036 leliciter
696 3966 850 4036 Fahrum
874 3966 1026 4057 castigat
1048 3989 1056 4036 :
1079 3965 1171 4045 ride,
1197 3965 1349 4055 exempli
1369 3965 1494 4055 gratia,

426 4110 518 4180 quae
540 4091 595 4168 ,dc
631 4091 788 4162 carmine
825 4110 846 4161 a
883 4090 998 4161 Fahro
1028 4088 1108 4180 loy,
1141 4108 1162 4159 a
1191 4089 1359 4161 Gratiano
1389 4069 1497 4157 ormo

424 4213 580 4308 fourchu
601 4214 798 4296 nominato,
820 4215 914 4286 dicta
932 4215 1018 4286 sint.

478 4341 736 4432 Rhytlrmorum
754 4339 946 4431 generibus
962 4357 981 4408 a
999 4338 1112 4409 Fahro
1128 4337 1287 4410 delinitis
1302 4338 1373 4409 alia
1388 4353 1497 4428 quae·
