3552 5282
868 609 1027 670 ‚35-

308 781 309 786 ¹
416 764 495 817 rers
515 746 662 825 tieroez,
683 747 745 836 qui
772 765 793 816 a
820 752 941 818 nostre
960 745 1089 836 langue
1109 751 1163 816 est
1188 744 1273 816 bien
1294 744 1478 826 nouvelle,

377 969 379 974 Ι
417 872 461 943 de
480 872 634 961 laquelle
653 873 736 963 u'ay
755 889 902 944 ancoras
919 867 993 966 [ru]
1010 871 1140 942 auloun
1158 879 1255 950 usai,
1273 870 1379 941 sinou
1399 869 1483 941 ioel-

418 995 478 1085 luy
497 994 556 1066 ieu
577 995 609 1066 le
630 995 835 1085 Maire‚,qui
857 1013 901 1066 en
922 1014 943 1065 a
963 994 1025 1066 lait
1045 1002 1079 1066 et
1101 993 1267 1084 compost
1287 994 1320 1065 le
1339 992 1483 1082 Temple

302 1119 305 1128 '
418 1116 463 1188 de
480 1117 616 1190 Venus.
640 1119 682 1189 Et
701 1125 795 1190 ceste
821 1118 979 1191 melleet
1003 1118 1161 1189 maniere
1187 1124 1241 1189 est
1266 1119 1423 1188 Tosoaue
1449 1122 1484 1188 et

417 1241 636 1323 Florentino,
655 1241 744 1313 dont
763 1242 912 1314 messire
931 1242 1108 1332 Franooys
1125 1243 1318 1332 Petrarque
1332 1260 1354 1311 a
1370 1239 1434 1312 iait
1450 1240 1487 1329 le

419 1365 506 1437 livre
526 1366 597 1438 tres
618 1366 719 1437 utillo
732 1364 777 1437 de
792 1384 850 1437 ses
869 1367 922 1437 sir
943 1366 1158 1456 triumphes.
1180 1393 1195 1430 ›

468 1488 732 1562 Alexandrinos
750 1509 873 1562 versus
895 1490 1054 1581 strophis
1074 1509 1225 1580 quarum
1247 1509 1485 1581 unaquaeque

420 1633 532 1687 unurn
556 1615 762 1706 rhythmum
785 1614 916 1686 habeat
935 1614 1124 1686 convenire
1145 1633 1252 1706 posse
1279 1614 1485 1687 Molinettus

421 1737 583 1830 seripsit.
605 1757 742 1829 proque
763 1739 925 1829 exemplo
947 1738 1109 1829 quinque
1136 1739 1272 1830 primos
1299 1736 1484 1828 cujusdam

421 1862 597 1954 poematis
617 1881 739 1934 versus
759 1863 797 1933 in
819 1862 980 1935 eamdem
1002 1862 1175 1953 syllabam
1196 1869 1367 1935 exeuntes
1388 1869 1483 1934 retu·

423 1987 478 2060 lit.
501 1987 704 2077 Discipulos
721 2005 845 2058 rursus
860 1987 1134 2058 alexandrinum
1154 2006 1295 2059 versum
1320 1988 1486 2079 rhyllrmo

423 2110 579 2200 duplice,
592 2111 645 2182 rel
661 2111 832 2191 cruciatu,
847 2112 900 2182 vel
917 2111 1074 2201 strophis
1090 2129 1132 2182 er
1148 2111 1487 2201 quinqueremibus
1623 2093 1630 2104 ⁸

424 2235 486 2324 qui
507 2234 601 2307 inter
620 2253 658 2306 se
677 2242 890 2317 consonent,
910 2234 1153 2306 ordinandum
1172 2235 1289 2325 jubel,
1307 2235 1489 2325 hujusque

426 2357 522 2428 modi
541 2376 604 2448 pro
622 2359 784 2448 exemplo
801 2358 945 2430 eosdem
963 2360 1126 2448 quinque
1145 2376 1283 2439 versus,
1302 2360 1488 2450 paululum

427 2501 525 2555 more
543 2483 648 2555 solito
669 2491 843 2561 mutatos.
867 2484 990 2564 refert,
1013 2483 1109 2556 unde
1136 2502 1209 2556 non
1229 2484 1379 2557 dubium
1401 2484 1489 2557 laoio

427 2609 516 2698 quin
540 2610 746 2700 magistrum
770 2627 876 2699 praue
896 2609 1127 2682 intellexerit.

477 2736 574 2819 Quae
602 2733 732 2805 deinde
752 2734 957 2805 Molinettus
978 2734 1022 2805 de
1041 2741 1133 2806 torta
1152 2734 1264 2806 oauda
1288 2733 1410 2828 (queue
1427 2756 1490 2804 oo-

426 2853 1491 2950 noae),quamnosteroaudamconcatenatam(queoeeoolroi·

428 2976 503 3072 oea)
523 2986 637 3074 rotat..
653 2979 698 3051 de
712 2979 855 3069 duplice
870 2979 995 3061 cauda,
1013 2979 1058 3052 (le
1073 2981 1277 3070 planetibus
1292 2981 1488 3064 amatoriis,

429 3103 474 3174 de
501 3103 692 3185 rondellis,
719 3101 944 3192 bergomates,
969 3101 1109 3194 fotros,
1137 3104 1301 3188 baliaris,
1327 3107 1492 3178 cantibus

430 3227 628 3317 regalibus,
652 3227 882 3301 serrantasiis
911 3227 1020 3310 dixit,
1050 3228 1173 3300 eadem
1201 3238 1323 3304 noster
1350 3231 1490 3320 repulit.

430 3350 532 3438 Quod
552 3358 670 3422 tamen
692 3351 735 3423 ad
758 3360 901 3424 cautum
923 3354 1074 3443 regalem
1095 3354 1240 3435 attinet,
1261 3373 1343 3426 eum
1362 3356 1398 3426 in
1417 3374 1492 3427 uer-

432 3475 566 3566 lamina
586 3476 810 3568 llotlromagi
832 3477 891 3550 die
909 3477 998 3548 lesio
1013 3478 1264 3569 conceptionis
1280 3481 1407 3552 Beatae
1424 3482 1493 3553 llu-

432 3597 517 3677 riae‚
531 3606 567 3670 ei
581 3601 736 3691 Dieppae
749 3602 1021 3692 immanisque,
1034 3602 1092 3675 die
1108 3603 1196 3675 iesto
1210 3605 1491 3695 Assumptionis,

432 3722 559 3794 habita
578 3723 707 3796 delerri
723 3725 837 3797 addit.

479 3847 576 3919 Nihil
595 3848 640 3921 de
658 3849 840 3940 palinoda.

482 3974 530 4043 lle
556 3981 718 4062 poemate
748 3975 845 4064 orrod
868 3975 920 4044 lot
941 3976 1140 4066 appellant,
1166 3977 1262 4067 quod
1288 3979 1494 4052 Molinettus

432 4096 579 4190 omnino
604 4099 860 4187 praetermisit.
884 4101 997 4171 multa
1022 4099 1129 4170 rerba
1156 4108 1277 4172 noster
1302 4102 1405 4183 ieoit;
1428 4103 1496 4174 hoo

430 4238 512 4292 uero
532 4239 661 4294 nomen
681 4225 850 4296 omnihus
863 4224 923 4296 dat
939 4225 1112 4315 poematis
1128 4245 1254 4316 quaee
1271 4227 1495 4300 brevioribus

430 4343 725 4436 longioribusque
744 4348 905 4420 versibus
923 4349 1108 4438 permixtis
1128 4354 1495 4449 oonstantpluraque
