3552 5282
909 633 1070 694 ..82-

456 781 622 854 osteum
642 773 722 862 ipsa
742 772 820 861 ejus
840 771 962 852 verba,
982 768 1209 862 paucissimis
1226 766 1430 844 subtractis.
1448 763 1523 854 qui·

456 899 608 970 busdam
628 915 710 968 vero
727 895 874 976 additis,
888 893 1098 983 saepissime
1114 890 1349 982 usurpaverit.
1365 892 1413 960 De
1429 889 1522 976 lurto

455 1031 671 1094 autemnon
698 1021 844 1108 latetur3
872 1019 974 1090 venia
1001 1026 1119 1089 tamen
1142 1016 1174 1087 ei
1200 1015 1320 1110 danda
1345 1021 1399 1086 est
1425 1013 1522 1104 quod

430 1167 435 1176 ·
456 1147 642 1236 cujusnam
661 1152 756 1217 esset
773 1144 954 1234 exemplar
970 1141 1176 1235 nesciebat3
1197 1139 1289 1210 libro
1310 1138 1406 1209 euim
1428 1135 1522 1228 typis

456 1288 640 1360 expresso,
663 1270 733 1350 eui,
759 1275 798 1339 ut
820 1286 929 1358 supra
949 1266 1117 1348 vidimus,
1140 1265 1294 1335 auctoris
1309 1279 1441 1334 nomen
1462 1261 1521 1333 de·

455 1401 555 1480 erat,
590 1394 755 1465 utebatur
782 1391 845 1484 (l).
879 1394 992 1477 Quam
1029 1409 1110 1462 reru
1146 1388 1320 1461 serviliter
1348 1387 1521 1459 Molinelti

456 1519 615 1610 vestigiis
635 1519 819 1610 ingressus
838 1518 902 1596 sit,
924 1515 1058 1588 sentias
1078 1516 1108 1587 si
1124 1514 1310 1586 exordium
1334 1512 1521 1602 utriusque

392 1742 397 1750 η
455 1643 611 1715 auotoris
632 1643 726 1715 iuter
743 1661 782 1714 se
797 1641 971 1714 conferas.

515 1941 697 2022 (decorita,
716 1941 756 2001 ir.
779 1939 902 2020 12434.)
1038 1938 1097 2020 (Eu
1115 1940 1193 2000 edito
1212 1939 1361 2000 Motioetti
1379 1935 1502 2017 libello.)
1641 1899 1643 1904 Ι

506 2205 961 2277 Pourentreeetoommeu·

457 2335 597 2400 oemunt
630 2327 674 2400 de
705 2335 826 2420 oestuy
855 2345 961 2418 opus-

456 2452 552 2534 aule,
575 2457 629 2523 est
648 2451 924 2541 premieremem
943 2470 964 2521 a

456 2576 629 2650 enteudre
657 2595 726 2665 que
747 2575 957 2647 erethorie·
1059 2574 1523 2666 Rhetoriequerulgaireesl

456 2701 963 2790 querulgaireetmaternelle
1017 2700 1523 2791 uneespeeedemusiqueap·

456 2824 963 2915 estuneespeeedemusioque
1016 2826 1129 2915 pellee
1144 2825 1352 2915 ritumque,
1369 2824 1523 2916 laquelle

457 2956 746 3020 eommuuement
805 2949 967 3038 appellee
1019 2949 1178 3020 eoolient
1210 2950 1342 3020 certain
1374 2949 1523 3020 nombre

458 3073 564 3153 rime,
608 3073 763 3162 laquelle
806 3073 965 3146 contient
1016 3075 1060 3145 de
1081 3074 1241 3152 sillabes
1263 3091 1436 3163 evesques
1456 3092 1520 3144 au-

457 3196 590 3266 certain
618 3195 769 3267 nombre
795 3196 838 3267 de
867 3197 963 3267 silla·
1015 3216 1106 3268 eune
1127 3197 1263 3268 suavita
1285 3216 1329 3268 eu
1350 3197 1461 3269 lorme
1479 3197 1523 3269 de

457 3319 539 3398 bes,
577 3300 766 3409 'evesques
814 3321 967 3392 auleuue
1018 3320 1190 3392 douloeur
1226 3327 1260 3392 et
1295 3300 1339 3392 de
1377 3320 1520 3412 equiso-

458 3443 594 3515 suarite
631 3451 665 3515 el
707 3444 880 3515 douloeur
921 3445 965 3516 de
1017 3448 1202 3518 narroe.Et
1218 3465 1262 3518 oe
1277 3464 1315 3517 se
1331 3446 1524 3543 peultsans

457 3561 627 3656 parlai'ote
655 3585 894 3640 oousouanoe.
925 3570 967 3639 Et
1019 3568 1174 3650 diction,
1201 3588 1246 3640 ue
1266 3569 1410 3641 'dietioo
1439 3586 1524 3642 sans

458 3710 503 3762 ue
523 3711 560 3762 se
576 3693 675 3782 peult
692 3693 778 3763 lairo
796 3677 880 3764 saus
900 3694 969 3764 die·
1021 3694 1165 3774 sillabe,
1198 3713 1244 3766 ne
1279 3694 1406 3766 sillabe
1440 3713 1525 3766 sarrs

458 3817 552 3897 lieu,
577 3835 621 3888 ue
641 3817 774 3889 diotiou
796 3837 881 3888 saus
906 3818 967 3888 sil·
1019 3819 1136 3889 lettre.
1153 3821 1200 3888 La
1217 3819 1317 3890 lettre
1330 3826 1383 3892 est
1399 3819 1526 3892 sillabe

458 3941 577 4023 labes,
615 3959 659 4012 ue
696 3941 843 4012 sillabes
884 3961 970 4012 saus
1022 3941 1085 4032 qui
1112 3961 1157 4013 ue
1186 3960 1225 4015 se
1250 3943 1349 4032 pouit
1372 3943 1522 4026 divisor,

485 4222 519 4284 (l)
535 4221 566 4272 Si
581 4222 715 4284 prologus
733 4221 762 4269 in
778 4235 833 4284 quo
847 4222 932 4281 falso,
951 4228 982 4270 ut
998 4221 1069 4280 dixi,
1085 4234 1187 4270 nomen
1201 4222 1345 4285 cujusdam
1360 4221 1472 4272 Henrioi
1490 4222 1525 4277 de

457 4311 531 4374 Groy
552 4313 686 4360 insertum
707 4316 762 4371 est,
778 4312 842 4360 huic
862 4313 933 4360 libro
948 4312 1131 4374 praefuisset,
1150 4325 1213 4361 eum
1232 4312 1354 4372 imitator
1373 4312 1524 4364 retulisset.

454 4399 526 4450 Vide
539 4414 623 4462 supra
640 4415 710 4463 quae
727 4401 760 4450 de
775 4403 828 4450 hoo
844 4402 959 4464 prologo
976 4401 1084 4463 scripsi.
