3552 5282
721 573 881 636 -93-

269 711 351 785 dam
372 693 563 784 Gratianus
582 710 696 794 addit,
718 731 736 784 e
757 711 890 803 orrihus
908 713 995 784 haec
1012 712 1120 804 digna
1138 719 1223 785 sum
1243 732 1335 804 quae

269 836 467 908 referantur
488 861 496 906 :

318 961 519 1051 Rhythmus
553 968 830 1042 concatenatus,
865 979 945 1030 eum
983 961 1130 1032 ultimus
1164 963 1337 1054 cujusque
1366 998 1368 1001 ·

270 1085 439 1175 strophae
456 1101 580 1156 versus
598 1083 703 1155 initio
719 1083 944 1174 insequentis
964 1085 1132 1174 strophae
1151 1086 1334 1176 repetitur.

320 1208 523 1300 Rhythmus
544 1208 766 1299 permixtus,
796 1226 876 1279 cum
905 1209 1030 1279 ultimo
1049 1209 1222 1298 cujusque
1242 1217 1335 1280 stro-

271 1334 363 1423 phae
393 1333 499 1404 verbo
519 1333 666 1404 rerhum
693 1332 864 1415 latinum,
893 1351 963 1422 quo
989 1351 1118 1403 sensus
1137 1333 1335 1423 expleatur,

271 1457 442 1528 succedit.
467 1459 614 1528 Summa
648 1475 729 1528 vero
760 1457 950 1528 latinorum
982 1458 1169 1528 verborum
1199 1455 1337 1547 aliquid

271 1581 448 1671 significet
468 1599 612 1653 neeesse
633 1589 699 1654 est.
1061 1657 1062 1660 a

320 1707 430 1790 Quem
462 1705 667 1796 rhythmum
692 1706 883 1776 Gratianus
910 1731 923 1768 a
946 1710 1024 1774 teste
1049 1711 1080 1774 et
1101 1726 1210 1798 queue
1232 1731 1246 1768 a
1274 1724 1336 1777 seu

158 1851 160 1854 ·
277 1856 292 1893 ι
313 1829 462 1922 capitale
480 1835 512 1898 et
530 1829 673 1920 finale»
697 1832 872 1907 nominat.
891 1849 932 1901 el
954 1831 1116 1921 exemplo
1136 1831 1336 1921 promptius

272 1971 378 2042 quem
400 1971 442 2024 ex
463 1953 676 2026 delinitione
697 1954 874 2045 intelliges
899 1979 906 2024 :

377 2243 471 2280 emmo
488 2243 558 2298 pour
576 2243 643 2297 vray
661 2230 810 2297 tousjours
826 2246 841 2280 a
859 2228 1010 2298 maulvays
1025 2224 1089 2282 chio

377 2325 470 2378 aisaut
485 2325 561 2378 feulx
577 2329 669 2387 tours,
687 2324 793 2378 maiuct
809 2341 867 2395 uug
883 2328 936 2379 mal
957 2332 985 2378 et
1001 2325 1149 2379 moschic.

321 2581 413 2651 Cura
442 2598 522 2651 vero
545 2586 584 2655 ut
610 2580 748 2650 litterae
769 2598 861 2668 quae
885 2580 988 2670 quasi
1015 2581 1130 2669 capita
1151 2586 1185 2650 et
1204 2579 1339 2650 calidae

273 2722 438 2776 versuum
471 2711 556 2774 sunt
583 2721 713 2775 nomeu
748 2703 928 2793 quoddam
960 2705 1011 2775 vel
1043 2695 1269 2793 proverbium
1303 2705 1337 2773 lrr

274 2847 385 2900 unum
406 2829 555 2900 collatae
576 2826 742 2900 efficiunt.

323 2952 541 3044 Rhythmum
568 2953 648 3020 seue
671 2951 803 3023 dictum
830 2951 941 3022 hahes
966 2971 1044 3022 cum
1071 2952 1186 3042 prima
1214 2955 1336 3044 singu-

273 3077 388 3147 lorum
419 3077 455 3146 iu
487 3082 560 3148 toto
588 3094 692 3147 versu
713 3077 900 3148 verborum
921 3076 990 3147 sihi
1011 3083 1166 3157 constat,
1189 3077 1339 3166 otiosae

273 3199 409 3291 primae
428 3220 594 3274 versuum
618 3202 756 3284 litterae
776 3219 922 3274 seusum
943 3201 1337 3294 quemdampraeheut,

273 3326 304 3398 si
325 3327 568 3416 conjunxeris

322 3452 413 3523 sunt
441 3449 561 3524 etalii
579 3451 743 3548 ¹pueriles
773 3452 1022 3544 rhythmorum
1044 3452 1121 3524 ludi
1142 3472 1233 3542 quos
1251 3454 1337 3524 Gra·

273 3575 393 3647 lienus
419 3575 510 3645 rime
534 3598 557 3645 a
582 3583 708 3646 termes
738 3577 956 3660 contraires,
981 3577 1072 3647 rium
1098 3599 1256 3648 euueoeee
1282 3600 1341 3647 eu·

273 3699 454 3784 trelussee,
481 3701 573 3770 rime
597 3700 814 3794 adaperuere,
842 3707 933 3771 rime
961 3702 1100 3791 d’echo,
1126 3702 1337 3796 eschiqur'er‚

273 3826 510 3917 appellator
544 3845 624 3909 eos,
656 3845 701 3898 ue
737 3827 801 3899 tihi
835 3830 949 3918 majus
987 3827 1143 3923 taedium
1172 3828 1338 3909 afferam,

273 3951 532 4041 praetermitto.

324 4064 521 4167 Rhythmos
537 4082 655 4148 autem
673 4076 806 4168 quihus
824 4076 970 4147 nomina
985 4084 1071 4148 suut
1088 4101 1097 4147 :
1109 4075 1309 4168 pustoorell
1330 4132 1338 4157 ‚

273 4195 448 4290 chapelet,
468 4197 648 4289 pulioode,
670 4198 823 4282 leonine,
844 4197 1004 4291 epiloyue
1024 4217 1086 4270 seu
1106 4198 1244 4292 fatres,
1262 4220 1337 4269 ser·

275 4321 428 4404 curicis,
450 4321 543 4391 rirrre
561 4321 732 4405 caedere,
755 4322 798 4392 de
816 4330 939 4416 duret,
960 4323 1136 4396 faciliores
1157 4323 1341 4399 etidcirco
