3552 5282
737 634 777 649 ..
798 601 836 662 89
857 634 896 646 .-

338 740 495 831 Scriptor
521 740 629 829 buius
654 740 767 821 Artis,
790 758 869 811 cum
891 739 1112 812 llolinettum
1138 757 1211 809 uon
1236 739 1352 828 seqni-

191 891 194 896 ·
288 873 364 946 tur,
386 864 585 935 Iohannem
607 865 775 953 Maiorem
796 882 860 954 pro
880 863 969 935 duce
989 870 1023 935 et
1046 863 1215 953 magistro
1235 864 1349 953 potis·

169 1070 172 1078 ,
288 988 418 1059 simum
456 987 576 1059 babet.
609 988 710 1073 Quod
738 987 864 1078 judicii
899 989 977 1058 sani
1010 995 1144 1058 certum
1177 985 1350 1058 indicium

287 1119 362 1194 est;
392 1112 422 1183 si
450 1113 545 1183 enim
572 1112 748 1202 quaedam
776 1112 931 1183 iuturam
956 1111 1103 1202 gallicae
1128 1110 1248 1201 poesis
1277 1113 1349 1183 ins·

288 1238 525 1310 tanrationem
553 1239 626 1327 jam
655 1237 700 1308 iis
728 1236 949 1328 temporibus
969 1236 1242 1326 praenuntiant,
1265 1236 1353 1307 baec

288 1380 468 1451 nusquam
501 1361 573 1432 nisi
600 1361 637 1431 in
660 1361 835 1432 lobannis
863 1359 1082 1432 carminibus
1115 1359 1351 1432 animadverti

288 1493 454 1576 possunt.
484 1485 622 1571 Quibus
651 1494 769 1557 antem
797 1485 966 1577 gradibus
990 1486 1064 1575 iam
1091 1502 1278 1575 progressa
1304 1485 1351 1555 sit

287 1609 350 1681 illa
370 1609 602 1691 instauratio,
624 1608 829 1700 significant
851 1617 884 1681 et
904 1627 1016 1699 genus
1036 1609 1284 1698 rbytbmorum
1305 1609 1350 1680 ab

288 1733 419 1806 italicis
443 1733 638 1816 adscitum,
662 1742 696 1806 et
716 1752 808 1824 quae
828 1734 871 1806 de
895 1733 1068 1805 feminina
1088 1752 1234 1806 oaesnra
1253 1742 1287 1805 et
1306 1734 1351 1806 de

287 1857 450 1928 versibus
470 1857 680 1929 masculinis
707 1858 964 1948 femininisque
983 1858 1077 1929 inter
1096 1875 1134 1929 se
1148 1865 1248 1929 'certa
1276 1858 1351 1948 lege

286 1982 509 2054 alternandis
530 1984 596 2054 Ars
617 1991 739 2054 nostra
755 1983 870 2072 jubet.

286 2235 377 2297 pairra
391 2234 428 2283 du
443 2235 490 2284 vin
506 2236 580 2298 plain
592 2237 618 2285 le
630 2250 714 2299 gorgo
731 2236 796 2285 d'un
811 2236 915 2286 corbin.
933 2236 977 2285 Ma
991 2250 1074 2299 more,
1086 2251 1139 2299 que
1154 2239 1196 2286 lez
1212 2237 1321 2287 Robin?
1336 2255 1348 2286 »

212 2380 215 2384 ,
317 2324 456 2374 Malberbo
472 2329 498 2374 et
512 2325 573 2387 ipso
588 2340 603 2372 a
617 2324 740 2375 Cadomo
756 2325 891 2375 oriundus
908 2331 974 2374 erat.
1011 2325 1013 2330 '
