3552 5282
737 624 896 684 -97..

285 761 438 834 senserit
470 767 677 850 quantoque
721 763 911 843 Gratiano,
953 764 1087 843 labro,
1124 763 1346 836 lniortonato

285 883 482 974 ceterisque
509 904 631 957 eorum
656 887 868 976 aequalibus
891 895 1062 977 praestet,
1085 906 1126 958 ev
1147 887 1348 960 eolacilios

285 1008 463 1098 intelliges
486 1009 583 1098 quod
608 1009 652 1080 de
677 1011 883 1082 inventione
909 1011 1051 1100 scripsit
1081 1035 1089 1081 :
1124 1038 1138 1074 v
1168 1011 1215 1083 Ce
1240 1012 1347 1100 qo’en

285 1133 406 1222 poesie
428 1139 481 1203 est
502 1133 645 1204 nomme
664 1141 740 1214 art,
761 1141 795 1206 et
821 1153 891 1224 que
916 1153 1008 1205 nous
1035 1136 1186 1206 lraitons
1211 1152 1347 1206 comme

285 1262 339 1327 art
356 1274 400 1326 en
421 1263 474 1328 cel
494 1259 678 1347 opusculo,
702 1259 795 1329 n’est
812 1259 888 1330 rien
910 1277 980 1348 que
1000 1258 1034 1329 la
1054 1277 1125 1330 nue
1145 1277 1284 1330 escorce
1304 1257 1348 1330 de

285 1381 407 1470 poesie
422 1379 484 1470 qui
505 1399 631 1452 couvre
649 1381 947 1454 artificiellemeut
965 1401 1005 1452 sa
1019 1383 1195 1454 uatuvelle
1215 1400 1296 1454 seve
1315 1388 1349 1454 et
1449 1369 1453 1376 ’

286 1523 351 1576 son
371 1523 451 1576 ame
471 1507 747 1578 naturellemenl
765 1506 897 1578 divine.
921 1533 936 1570 o
963 1509 1062 1578 Hanc
1080 1507 1185 1578 etiam
1208 1513 1349 1578 seuten-

286 1629 371 1702 tiam
386 1629 479 1700 inter
491 1630 692 1720 cumplures
708 1630 797 1701 alias
812 1630 961 1710 Horatii,
978 1649 1084 1720 quem
1102 1631 1226 1702 ducem
1245 1649 1350 1720 saepe

286 1752 462 1844 sequitur,
486 1753 591 1826 relevt
614 1778 622 1823 :

660 1989 753 2043 neque
768 1973 845 2028 enim
860 1972 1032 2028 concludere
1049 1989 1165 2028 versum

395 2067 510 2123 Dixeris
525 2085 591 2123 esse
606 2070 695 2136 satis3
712 2087 814 2140 neque,
832 2071 858 2124 si
873 2070 923 2141 qui
937 2071 1046 2125 scribat
1062 2071 1103 2125 uti
1120 2087 1173 2125 nos

393 2165 526 2220 Sermoni
544 2167 686 2237 propiora,
704 2173 787 2238 prutes
804 2169 882 2223 hooc
898 2185 964 2223 esse
982 2175 1103 2240 poetam.

393 2263 546 2334 Ingenium
562 2264 610 2318 cui
623 2265 670 2330 sit,
687 2265 735 2319 cui
749 2281 832 2320 mens
848 2265 972 2320 divinior
985 2272 1071 2337 atque
1086 2283 1120 2320 os

394 2361 497 2433 Magoa
513 2368 694 2430 sonntnrum,
711 2361 762 2417 des
778 2363 903 2418 nominis
918 2365 1007 2433 hujus
1023 2365 1160 2419 honorem
1177 2365 1225 2432 (l).

933 2459 1025 2525 (Hom,
1041 2461 1111 2530 Sat,
1128 2459 1151 2525 Ι,
1169 2477 1206 2525 iv.
1224 2461 1280 2526 40).

310 2765 313 2769 λ
337 2665 439 2751 Quod
463 2684 543 2764 vero
569 2665 614 2738 ad
640 2672 852 2737 structuram
880 2685 1004 2738 versus
1029 2667 1173 2761 attinet,
1204 2665 1349 2756 paulum

288 2811 308 2862 a
336 2790 570 2880 scriptoribus
599 2791 794 2880 superioris
821 2791 947 2862 aetatis
967 2791 1089 2872 ahest;
1117 2790 1350 2879 aequivocum
1454 2798 1456 2802 '

289 2915 495 3006 rhythmum
517 2916 677 2986 omnium
711 2915 1017 3006 elegantissimum
1038 2915 1239 2998 existimat,
1270 2931 1350 2986 eum

289 3057 370 3110 vero
391 3039 452 3130 qui
469 3039 594 3130 gallice
612 3037 705 3108 rime
723 3037 767 3106 de
785 3045 885 3128 porat
902 3038 1032 3110 dicitur
1052 3040 1145 3110 inter
1165 3038 1351 3129 rhythmos

270 3163 357 3262 hoc
377 3163 522 3235 nomine
542 3162 669 3254 dignos
691 3161 928 3235 adnumerare
946 3164 1087 3234 abnuit.

340 3289 445 3359 Plura
472 3287 516 3360 de
540 3288 718 3378 rhythmis
741 3295 927 3377 praecepta
950 3306 971 3356 a
991 3288 1159 3358 Gratiano
1178 3287 1222 3358 de
1245 3287 1354 3357 Ponte
1400 3295 1401 3298 ’

290 3419 490 3493 mutuatur,
525 3430 631 3501 quem
665 3430 736 3482 non
775 3413 941 3492 nomine,
977 3411 1070 3483 clare
1103 3421 1220 3482 tamen
1255 3411 1351 3482 desi·

290 3543 392 3626 gnat,
419 3555 499 3606 oum
528 3536 686 3626 increpat
712 3562 727 3599 ‹
751 3537 788 3624 je
818 3555 862 3607 ne
888 3548 950 3626 say
978 3537 1080 3625 quels
1109 3536 1280 3606 autheurs
1310 3534 1355 3606 de

292 3660 508 3750 Rhetorique
530 3660 702 3732 metrifiee
720 3661 828 3750 qui...
851 3669 914 3732 ont
928 3661 1040 3731 ahuse
1059 3660 1103 3731 de
1123 3678 1161 3731 ee
1180 3650 1290 3730 terme
1310 3676 1354 3728 en

228 3829 232 3842 ·
292 3793 346 3856 oet
365 3785 507 3856 endroit
525 3793 559 3886 et
577 3784 621 3856 de
640 3786 716 3856 leur
736 3790 936 3856 eulrement
955 3784 1027 3854 hon
1050 3783 1160 3873 espril
1178 3801 1222 3853 eu
1243 3781 1357 3851 maint

291 3918 409 3987 autre,
432 3936 447 3973 ι
475 3909 571 3999 quod
593 3908 855 3999 diphthongum
877 3908 1134 4000 synaloepham
1155 3905 1356 3996 appellave-

294 4033 378 4105 rint.
1093 4033 1098 4042 '

325 4300 358 4364 (l)
374 4300 483 4350 Erravit
502 4299 535 4352 G.
551 4299 692 4350 Pellissier
708 4313 770 4348 curn
787 4297 898 4361 scripsit
914 4297 1021 4347 Horatii
1040 4311 1074 4347 no
1091 4296 1229 4346 minimam
1247 4294 1358 4358 quidem

295 4392 462 4440 mentionem
475 4389 548 4453 apud
563 4389 721 4440 Sibilettum
737 4388 856 4438 inveniri
874 4388 909 4450 (p.
926 4387 974 4452 lo).

1182 4477 1199 4544 l
