3584 5286
888 617 1048 682 ..32-

484 753 807 826 Alexandrinorum
834 763 950 827 autem
983 775 1146 827 versuum
1182 758 1382 848 exemplum
1412 776 1494 849 pro·

436 879 688 969 ponitinitium
702 880 789 971 epici
805 882 976 971 poematis
989 882 1032 952 de
1047 882 1239 953 Bertrando
1255 882 1302 953 du
1315 883 1495 964 Guesctin‚

435 1014 577 1077 auctore
598 1005 771 1086 Curetim,
795 1005 967 1095 additque
987 1025 1028 1076 er
1049 1006 1293 1078 alexandrinis
1314 1007 1507 1099 quaternis.

436 1131 594 1200 carmina
612 1130 688 1201 heri
711 1151 830 1221 posse,
851 1133 971 1222 qualia
987 1141 1071 1203 sunt
1087 1134 1351 1204 Testamentum
1367 1132 1499 1203 Johan·

436 1254 493 1326 uis
529 1255 573 1327 de
610 1257 729 1337 Mauo,
761 1257 841 1328 Vita
875 1257 1045 1329 Florentii
1080 1257 1244 1337 Romani,
1275 1257 1354 1328 Vita
1386 1256 1498 1328 sancti

437 1378 610 1453 Alexidis

486 1508 693 1597 Sequuntur
713 1507 779 1578 tria
795 1514 958 1597 poemata
974 1527 1066 1597 quae
1082 1506 1206 1598 gattico
1218 1506 1391 1576 doozoios
1405 1505 1499 1579 dicta

437 1640 535 1711 sunt,
553 1631 637 1721 quia
656 1650 777 1702 eorum
797 1651 960 1722 quaeque
976 1633 1122 1723 stropha
1137 1652 1178 1704 er
1196 1632 1372 1705 duodenis
1390 1633 1498 1704 versi·

437 1756 505 1828 hus
525 1763 676 1828 constat.
699 1758 739 1827 in
761 1758 873 1848 primo
893 1777 935 1830 eu
955 1758 1028 1830 iilis
1045 1758 1278 1838 carminibus,
1296 1759 1356 1848 qui
1374 1757 1499 1828 iuscri-

420 1880 534 1970 wbitur
564 1880 620 1952 Lo
657 1879 753 1952 Toor
782 1905 1002 1964 cadomense,
1035 1884 1282 1974 rhythmorum
1314 1889 1499 1955 contextus

438 2007 489 2078 sic
508 2007 653 2100 figurari
671 2015 788 2100 potest
806 2033 813 2079 :

763 2230 851 2302 aab
876 2229 1068 2302 ocd'dbo
1094 2229 1188 2301 hdo.

487 2457 655 2537 Secundi,
674 2458 729 2528 cui
751 2457 876 2529 titulus
896 2456 948 2528 Le
968 2454 1095 2548 Temos
1115 2455 1334 2537 Puscheour,
1358 2457 1499 2528 schema

439 2583 506 2655 hoc
525 2591 608 2654 est:

767 2704 880 2777 acob
904 2704 1019 2777 acab
1044 2705 1174 2776 acad.

451 2942 455 2950 “
487 2930 596 3022 Cuius
627 2931 818 3002 schematis
850 2932 880 3001 si
911 2949 1049 3002 versum
1086 2930 1203 3002 1111010
1238 2929 1258 2998 d
1290 2948 1498 3021 expressum

439 3057 636 3128 hreriorem
652 3057 777 3128 ceteris
794 3057 914 3135 iacias,
938 3057 1078 3128 tertiam
1094 3057 1262 3146 speciem,
1278 3055 1323 3125 ad
1338 3057 1500 3144 planctus

439 3183 629 3253 amatorios
650 3190 852 3272 utmagnus
873 3181 938 3250 lois
956 3189 1090 3271 aptam,
1113 3179 1263 3250 hahehis
1289 3177 1298 3270 (
1325 3176 1351 3271 ).

488 3309 532 3379 Ut
551 3316 668 3380 autem
690 3308 854 3397 exempla
873 3307 1071 3378 hoheamus
1093 3305 1249 3396 rhythmi
1271 3304 1500 3394 dunhusen

439 3434 641 3523 qrroomnia
650 3433 848 3503 carminum
859 3451 988 3522 genera
998 3439 1031 3502 01
1047 3430 1224 3520 imprimis
1235 3429 1439 3500 comoediae
1452 3426 1498 3522 (i)

437 3557 526 3631 effici
542 3565 706 3649 possunt,
722 3555 1177 3628 memoraturliomancium
1192 3554 1350 3636 dehosa,
1365 3560 1498 3625 totum·

200 3686 202 3695 ’
320 3685 321 3688 ’
439 3700 508 3771 que
534 3681 709 3771 profertur
730 3681 947 3770 poematium
980 3680 1161 3769 quoddam
1188 3680 1232 3751 de
1258 3680 1375 3750 Urtioo
1406 3676 1502 3770 (Dr'ct
1615 3685 1616 3688 ’

437 3806 481 3876 dc
499 3803 656 3898 Portae).

487 3933 602 4004 Stulta
620 3932 771 4011 haiiata,
800 3933 901 4021 cuius
922 3932 1124 4021 exemplum
1146 3930 1264 4012 datur,
1288 3948 1358 4000 noo
1386 3931 1497 4020 leges,

438 4056 552 4128 nihilo
569 4057 639 4127 nisi
662 4057 809 4127 materia
827 4055 873 4127 oh
892 4056 973 4126 aliis
993 4056 1137 4126 haliatis
1156 4054 1277 4127 distat.

469 4313 502 4374 i¹)
518 4329 530 4359 u
546 4311 580 4360 Et
594 4316 635 4360 est
650 4325 720 4373 pour
735 4312 915 4374 complaintes
931 4323 1108 4359 amoureuses
1124 4325 1159 4358 ou
1176 4323 1258 4372 grans
1271 4311 1341 4372 lays.
1355 4326 1367 4355 o

469 4399 502 4462 (2)
515 4416 526 4446 c
541 4400 643 4450 Toutes
657 4400 792 4450 manieres
805 4399 838 4449 do
851 4401 952 4448 iarsses
964 4403 990 4447 et
1001 4405 1063 4448 tous
1076 4401 1178 4448 cultros
1192 4399 1234 4448 diz
1246 4403 1474 4448 communomout.
1487 4415 1499 4446 u
