3584 5286
919 657 1083 722 ..52-

470 799 615 871 vixisse.
634 800 674 870 Ei
692 806 810 869 autem
827 797 955 869 licebat
976 818 1038 888 pro
1055 815 1152 868 anno
1170 798 1263 866 l498
1282 813 1417 895 annum
1441 797 1531 866 leot

469 925 640 1002 indicare,
666 942 738 1013 quo
759 923 902 994 libellus
921 924 1040 994 editus
1059 931 1125 994 est.

518 1053 559 1122 ln
586 1051 732 1141 prologo
757 1050 932 1127 Henricus
956 1049 1000 1120 de
1025 1049 1114 1140 Croy
1143 1048 1230 1120 dicit
1254 1067 1293 1119 se
1316 1066 1396 1119 esse
1420 1046 1549 1118 libelli

469 1182 650 1247 auctorem
683 1194 703 1244 a
739 1193 778 1246 εε
805 1174 884 1265 ipso
916 1174 1042 1245 Carolo
1076 1173 1148 1265 regi
1183 1173 1314 1255 oblati;
1344 1172 1432 1264 quin
1466 1173 1532 1243 boc

472 1317 595 1372 rerum
615 1306 711 1370 esset
730 1317 835 1369 nemo
856 1317 1015 1387 unquam
1036 1297 1224 1370 dubitarit.

519 1427 652 1495 Harum
666 1424 865 1496 editionum
884 1424 1101 1515 exemplaria
1119 1423 1305 1494 rarissima
1320 1422 1410 1494 lacta
1427 1430 1528 1503 sunt;

470 1569 622 1642 quorum
652 1551 720 1621 tria
753 1551 909 1640 reperire
939 1558 993 1621 est
1021 1549 1059 1619 in
1091 1548 1308 1620 Bibliotheca
1336 1548 1529 1630 nationali,

470 1676 603 1747 scilicet
617 1675 688 1746 duo
702 1694 724 1746 a
739 1676 909 1757 vorando,
927 1675 989 1765 qui
1003 1675 1141 1766 primus
1154 1675 1269 1746 editor
1284 1674 1363 1755 luit,
1379 1673 1527 1755 emissa;

470 1817 582 1871 unum
605 1801 807 1872 alobannc
824 1801 869 1872 de
887 1801 1073 1882 Guerlins‚
1096 1801 1257 1872 Tolosae.
1279 1801 1330 1870 Ex
1350 1801 1530 1890 exempla·

470 1923 571 1996 ribus
582 1925 752 1997 editionis
762 1927 979 1998 verardinae
988 1943 1101 1996 unum
1112 1927 1149 1995 in
1163 1925 1382 1997 membranis
1391 1943 1531 2016 expres·

470 2067 550 2120 sum
569 2056 643 2131 est,
665 2049 815 2121 alterum
837 2050 874 2121 in
894 2050 1041 2121 chartis.
1062 2051 1100 2120 ln
1123 2050 1394 2122 membranaceo
1413 2067 1529 2122 exem·

469 2173 558 2264 plari
572 2174 740 2265 prologus
753 2175 881 2266 legitur
891 2174 928 2244 in
940 2182 1037 2265 tergo
1048 2175 1185 2264 primae
1198 2174 1350 2246 schedae
1361 2173 1526 2265 scriptus,

468 2306 591 2370 contra
610 2300 647 2370 in
663 2301 846 2372 chartaceo
862 2300 986 2373 eadem
1005 2303 1134 2392 pagina
1154 2301 1245 2372 nihil
1261 2301 1382 2373 babet.
1406 2302 1445 2372 ln
1463 2301 1531 2371 boc

468 2425 608 2497 minuta
640 2426 777 2516 pictura
803 2424 939 2497 effictus
966 2434 1020 2499 est
1050 2427 1200 2516 scriptor
1231 2445 1335 2497 suum
1367 2425 1528 2498 libellum
1636 2416 1640 2423 ’

468 2551 653 2640 porrigens
673 2542 813 2622 cuidam
834 2551 922 2632 viro,
945 2552 1021 2640 qui,
1043 2559 1218 2641 quantum
1239 2551 1373 2642 percipi
1392 2557 1526 2642 potest,

467 2671 618 2764 effigiem
639 2675 814 2765 praesolis
832 2676 999 2766 praebet;
1021 2677 1058 2746 in
1077 2677 1188 2748 altero
1204 2675 1364 2748 eamdem
1383 2674 1527 2766 quidem

466 2799 640 2890 picturam
666 2802 784 2873 ridere
811 2809 882 2887 εει,
911 2801 974 2873 sed
1000 2821 1064 2892 pro
1091 2803 1255 2892 praesule
1277 2801 1425 2874 Carolus
1452 2801 1527 2872 Vlll

466 2922 603 2997 effictus
622 2933 689 2998 ost.

514 3051 641 3122 Nullus
666 3071 747 3124 vero
774 3059 888 3124 exstat
914 3053 1082 3143 prologus
1109 3054 1146 3123 in
1171 3052 1329 3126 editione
1353 3049 1527 3123 lobannis

466 3176 510 3246 de
530 3177 718 3260 Guerlins;
749 3197 841 3268 quae
865 3177 1009 3269 quidem
1031 3178 1227 3250 secundum
1249 3163 1443 3250 editionem
1464 3177 1527 3248 Vo-

467 3300 645 3372 rardinam
658 3302 749 3374 lacta
763 3310 829 3382 εει,
845 3322 924 3374 cum
941 3303 1018 3394 eius
1033 3303 1207 3394 plurimas
1223 3303 1372 3375 mendas
1384 3301 1524 3380 relocat.

465 3426 506 3496 ln
527 3425 723 3518 Pictavensi
745 3447 888 3519 quoque
907 3417 1329 3520 prologos'oesideratur.

514 3552 638 3623 Utrum
656 3560 792 3624 ceterae
811 3553 999 3631 editiones,
1018 3553 1063 3625 de
1076 3553 1210 3643 quibus
1226 3553 1318 3625 nihil
1330 3551 1526 3643 comperire

465 3677 578 3766 potui,
601 3677 785 3769 prologum
807 3679 963 3750 habeant
981 3698 1027 3750 an
1047 3697 1140 3760 noo,
1163 3679 1297 3750 nescio.
1319 3678 1429 3768 lgitur
1448 3676 1524 3748 lieri

466 3809 595 3892 potest,
631 3821 710 3874 mea
740 3804 884 3894 quidem
914 3805 1111 3883 sententia,
1149 3812 1187 3876 ut
1215 3803 1523 3876 membranaceum

466 3927 647 4018 exemplar
667 3927 906 4001 Bibliothecae
934 3928 1146 4012 nationalis‚
1177 3928 1214 3999 in
1235 3947 1307 4019 quo
1327 3927 1419 4019 regis
1442 3945 1521 4018 per·

464 4072 554 4124 sona
588 4051 702 4125 efficta
737 4063 810 4140 est,
851 4055 948 4126 baud
984 4054 1083 4126 aliud
1117 4056 1163 4126 sit
1200 4063 1308 4146 atque
1342 4054 1524 4145 exemplar

464 4178 589 4250 Carolo
609 4180 685 4250 Vlll
705 4180 750 4250 ab
770 4180 921 4252 Henrico
940 4179 984 4251 de
1004 4181 1094 4271 Croy
1114 4181 1288 4252 oblatum.

513 4303 696 4394 Quidquid
715 4304 752 4374 id
776 4312 849 4384 εει,
872 4305 940 4376 hoc
958 4322 1070 4376 unum
1089 4307 1271 4396 exemplar
1291 4304 1357 4377 cui·
1372 4306 1418 4378 sit
1437 4323 1520 4396 pro·

463 4431 686 4521 logusnori3
709 4449 782 4500 non
803 4437 921 4504 autem
941 4431 1030 4502 alias
1049 4449 1156 4522 quam
1176 4430 1214 4501 in
1232 4431 1377 4522 prologo
1393 4430 1521 4522 legitur
