3584 5286
754 651 914 716 ..29-

352 795 464 888 hprec
489 794 566 867 rint
584 791 740 867 ¹maistre
770 793 882 866 iehan
910 790 1078 872 veiham,
1108 789 1225 881 lequel
1254 788 1368 862 tencit

303 922 442 994 ePeris
463 921 592 994 escciie
613 919 657 993 de
677 919 856 1012 musique.

351 1049 463 1138 hprez
499 1046 618 1117 iurent
650 1054 685 1116 et
721 1049 803 1116 sent
839 1043 1019 1134 plusieurs
1055 1043 1201 1118 cuttrcs
1239 1047 1273 1113 et
1303 1060 1367 1133 par

301 1171 453 1262 especial
475 1169 621 1244 maistre
640 1169 753 1242 iehan
778 1168 811 1241 ie
835 1169 942 1240 Ferre
969 1167 1013 1240 de
1033 1167 1145 1247 Paris,
1169 1165 1285 1257 lequel
1307 1164 1367 1238 fist

301 1295 546 1386 Matheclcguc
575 1301 610 1366 et
634 1294 667 1367 ie
694 1293 782 1365 livre
812 1291 860 1364 du
892 1293 1014 1382 Respit
1041 1291 1085 1365 de
1111 1299 1220 1374 mort,
1249 1297 1284 1362 et
1317 1286 1364 1386 [e]

301 1421 473 1494 translate
491 1421 525 1493 le
549 1420 636 1492 livre
659 1419 721 1510 qui
742 1425 797 1492 est
817 1417 988 1499 d’Ouide‚
1011 1419 1073 1508 qui
1098 1436 1136 1490 sc
1156 1435 1300 1490 numme
1322 1413 1366 1486 de

305 1544 440 1628 Vetula,
462 1553 497 1619 et
516 1545 628 1618 mouit
645 1544 816 1617 d’auitres
834 1544 975 1626 choses,
995 1552 1029 1615 et
1049 1562 1140 1635 pour
1155 1544 1206 1615 tes
1224 1543 1364 1615 hunnes

300 1667 509 1766 meni[er]es
529 1670 590 1762 qui
612 1670 729 1743 iurent
748 1688 791 1741 cn
812 1668 837 1739 ii
858 1677 913 1741 est
933 1675 1199 1761 presentement
1218 1669 1364 1760 appeten

301 1802 436 1884 pcetez.

349 1920 460 2013 Aprez
492 1921 568 1992 rint
603 1923 751 1991 Eustece
784 1920 906 2003 Murci,
943 1938 1103 2011 nepveux
1142 1919 1186 1992 de
1220 1920 1365 1992 maistre

300 2045 501 2119 Guiiieume
525 2044 570 2117 de
598 2045 794 2126 Mecheuit,
820 2046 936 2136 lequel
962 2045 1014 2116 iut
1032 2045 1133 2117 huilli
1159 2045 1203 2118 de
1222 2045 1362 2128 sentin,

298 2176 334 2242 et
354 2169 405 2242 int
432 2169 503 2242 tres
528 2169 716 2242 suuffisnnt
741 2169 784 2240 de
812 2169 868 2241 din
893 2177 928 2243 ct
954 2168 1101 2242 butades
1126 2178 1161 2243 et
1193 2169 1364 2242 d’auitres

298 2294 439 2367 choses.

346 2420 458 2490 hinnit
479 2417 598 2490 iurent
618 2418 788 2491 d’auitres
809 2419 901 2491 hcns
924 2419 1104 2501 nuvriers,
1128 2439 1191 2510 par
1209 2421 1362 2512 especicl

298 2541 446 2617 messire
478 2544 591 2616 tehen
618 2544 807 2626 Frnissart
833 2543 915 2614 cure
944 2543 988 2614 de
1018 2545 1179 2616 hestines
1205 2562 1249 2616 en
1272 2545 1375 2636 Hay··

297 2669 411 2749 nauli,
449 2669 589 2741 maisit
623 2667 684 2742 fist
709 2675 790 2741 tous
817 2687 874 2740 ses
909 2668 975 2740 tais
1006 2688 1027 2739 a
1062 2669 1225 2741 i’cnneur
1256 2669 1301 2741 de
1328 2670 1362 2740 ie

296 2795 409 2884 partie
429 2794 688 2894 d’Engtetcrre

343 2919 456 3010 Apren
479 2927 561 2991 sont
585 2919 631 2992 de
650 2928 796 3011 present
819 2919 960 2992 Cotinet
985 2920 1149 3000 i’hiexis,
1172 2921 1360 3012 Henequin

295 3042 615 3133 terenciacum
643 3042 842 3126 d’Oriiens,
866 3046 960 3116 Marc
978 3044 1079 3124 rior,
1105 3045 1218 3117 Oiiret
1239 3046 1360 3135 Tanis·

296 3168 379 3250 sier,
403 3169 552 3242 messim
570 3169 690 3241 Niccte
710 3171 881 3252 Rcussei‚
901 3170 1047 3271 Charini
1068 3171 1188 3252 Fatue,
1211 3171 1295 3242 Rani
1316 3171 1360 3244 de

294 3293 402 3386 Brecy
421 3292 465 3367 de
487 3295 602 3378 Mons,
625 3294 771 3410 maistre
794 3295 907 3367 iehan
929 3294 973 3367 de
992 3296 1107 3388 Suzey
1126 3302 1160 3369 et
1179 3295 1358 3387 plusieurs

293 3419 428 3493 auitres
449 3420 511 3510 qui
530 3420 718 3493 enssuient
741 3421 792 3494 tes
812 3420 926 3511 regies
948 3420 1049 3492 telles
1070 3439 1140 3512 que
1164 3439 1256 3493 nnus
1275 3428 1361 3495 met·

293 3551 394 3618 trcns
416 3563 460 3617 en
480 3552 602 3618 nostre
622 3546 753 3618 traitie.

340 3671 430 3745 Huic
453 3673 635 3763 prooemio
657 3671 770 3744 additi
786 3679 871 3744 sunt
885 3671 1024 3745 indices
1047 3672 1109 3763 qui
1134 3672 1272 3746 circiter
1290 3675 1361 3746 250

290 3796 465 3871 dictiones
508 3799 641 3890 optime
682 3799 777 3872 inter
814 3817 853 3872 se
893 3807 1133 3872 consonantes
1175 3801 1359 3873 continent

289 3917 383 4017 (muz
403 3921 577 3993 lenonium
601 3920 676 4018 (sic)
703 3929 735 3994 et
749 3923 870 4018 platus
885 3945 1013 3994 sonans
1032 3930 1064 3994 et
1087 3924 1308 4018 esqnivuques
1329 3932 1360 3996 et

285 4047 508 4143 presentans).

337 4174 475 4249 Deinde
487 4174 770 4248 adnumerantur
788 4193 942 4248 «omnes
957 4175 1155 4248 carminum
1168 4175 1304 4267 species
1318 4202 1354 4256 ›‚

289 4319 381 4392 quae
410 4308 495 4376 sunt
530 4325 539 4373 r
572 4299 644 4385 lai,
666 4299 815 4386 chetei,
838 4302 1045 4386 cunuchus,
1065 4310 1190 4375 centus
1213 4301 1354 4393 regalis,

291 4427 408 4500 cantic
428 4429 601 4502 amatorie
617 4426 866 4523 (amoniense),
890 4428 1146 4512 serrentasius
1166 4428 1355 4520 rhythmus
