3552 5282
889 635 1068 697 -116-

449 780 631 864 videntur,
667 795 746 850 cum
778 793 885 867 quarn
917 775 1091 866 speciem,
1122 789 1287 864 quosque
1323 769 1509 861 rhythmos

449 903 617 995 praebeat
635 904 744 993 prior,
766 902 856 974 alter
872 899 1025 973 fideliter
1042 905 1189 990 repetat.

498 1030 585 1101 lnde
604 1029 814 1120 optimates,
838 1045 918 1099 cnm
938 1025 1007 1116 ipsi
1028 1024 1186 1097 carmina
1204 1022 1337 1115 lingere
1351 1027 1391 1094 et
1408 1020 1510 1092 lami·

449 1155 528 1226 liari
551 1153 654 1244 quasi
681 1153 957 1224 domesticorum
982 1158 1166 1241 poetarum
1187 1148 1301 1220 coetui
1322 1147 1437 1218 lavere
1456 1165 1510 1217 so·

449 1281 582 1357 ierem,
608 1278 751 1368 proprio
780 1277 888 1348 simul
917 1275 1080 1366 exemplo
1100 1281 1208 1364 atque
1232 1271 1439 1344 anctoritate
1464 1269 1511 1342 ad

449 1402 487 1474 id
513 1402 678 1475 valebant
708 1407 747 1474 ut
777 1400 1008 1474 illustriorem
1038 1398 1133 1490 apud
1161 1399 1329 1489 aequales
1362 1395 1509 1488 gratiam

335 1540 340 1560 ¹
451 1528 590 1599 minora
612 1527 674 1597 illa
692 1526 976 1617 adipiscerentur
999 1525 1176 1606 carmina,
1199 1539 1309 1614 quae,
1333 1539 1412 1594 aum
1437 1538 1510 1591 ma-

336 1720 338 1730 ,
449 1650 539 1722 teria
557 1651 708 1720 contrita
733 1656 768 1721 et
787 1650 890 1739 quasi
911 1650 949 1720 in
969 1649 1134 1720 claustris
1153 1647 1352 1720 arctissime
1373 1645 1512 1717 inclusa

451 1781 562 1858 esset,
585 1792 657 1845 non
679 1775 749 1846 nisi
771 1775 1020 1848 subtilioribus
1044 1772 1205 1846 artificiis
1231 1779 1411 1865 praestare
1429 1790 1511 1863 pos·

452 1908 545 1973 sent.
1110 1958 1112 1962 .

502 2025 617 2096 Simul
636 2031 753 2096 autem
775 2033 882 2115 atquo
902 2022 1032 2097 ista'de
1051 2025 1150 2116 poesi
1175 2025 1296 2116 opinio
1317 2024 1512 2098 mediocres

453 2149 593 2222 animos
611 2149 657 2221 ad
674 2150 833 2221 carmina
849 2149 1038 2222 scribenda
1058 2149 1240 2232 incitabat,
1261 2151 1298 2221 bi
1319 2168 1443 2223 rursus
1463 2149 1519 2219 ri·v

454 2274 543 2344 tium
564 2273 758 2364 augebant,
780 2292 882 2354 cum,
904 2275 1030 2346 ceteris
1055 2273 1261 2365 praestandi
1282 2273 1422 2357 studio,
1443 2273 1513 2346 ior-

455 2417 531 2470 mas
560 2397 769 2470 minutiores
800 2397 1091 2490 difficilioresque
1119 2399 1328 2482 redderent,
1360 2399 1449 2472 adeo
1474 2405 1514 2471 ut

454 2523 522 2596 iste
549 2523 806 2595 Mescbinoltus
835 2531 911 2594 octo
945 2541 1069 2596 versus
1101 2525 1162 2614 qui
1198 2531 1275 2596 octo
1305 2530 1339 2596 et
1370 2522 1514 2616 triginta

455 2647 585 2726 modis,
606 2649 713 2719 salvis
728 2667 870 2739 semper
884 2667 994 2721 sensu
1010 2650 1272 2740 rhythmisque,
1288 2650 1419 2722 versari
1434 2668 1515 2741 pos-

455 2781 536 2844 sent
553 2781 793 2863 componeret.

506 2899 602 2982 Quae
616 2898 738 2969 omnia
753 2899 978 2971 Ronsardum
994 2907 1028 2972 et
1042 2899 1175 2972 amicos
1189 2903 1266 2992 ejus
1282 2908 1465 2984 excusant,
1483 2903 1514 2974 si

456 3022 643 3112 pristinem
660 3025 833 3113 majorum
850 3024 986 3114 poesim
997 3026 1079 3116 plus
1094 3044 1209 3116 aequo
1221 3025 1403 3118 dedignati
1414 3034 1512 3099 sunt.

966 3385 1030 3444 Vror
1049 3405 1082 3443 ac
1098 3405 1228 3454 annuant,

833 3514 953 3566 Lutetiae
967 3513 1158 3583 Parisiorum,
1175 3518 1206 3569 ia
1220 3515 1356 3587 Sarbena,

731 3628 757 3664 a.
778 3611 805 3666 d.
826 3628 877 3666 vnr
896 3611 967 3666 Idus
985 3629 1051 3684 aug.
1073 3631 1139 3670 ann.
1161 3613 1454 3686 MDGGGLXXXX‚

661 3710 811 3763 Fecullalis
825 3712 994 3765 litterarum
1008 3715 1039 3766 ia
1053 3713 1201 3768 Academia
1215 3715 1366 3770 Parisiemi
1380 3717 1517 3787 decanus,

1004 3822 1041 3878 A.
1064 3823 1198 3880 HIMLY.

564 4001 649 4058 Turis
666 4019 812 4060 namuurum
829 4028 835 4059 :

460 4125 619 4180 Academiae
638 4127 802 4182 Parisieuse's
822 4131 925 4194 Hector,

619 4224 791 4298 GREARD.
