3584 5286
749 613 906 676 -33-
981 607 982 612 ’

282 791 286 802 1
346 754 415 827 Sed
441 753 500 825 hic
525 751 633 833 liber,
655 769 733 824 cum
756 753 876 842 aliqua
902 750 1037 823 ratione
1061 751 1224 842 inceptus
1248 751 1295 825 sit
1319 759 1355 825 ct

297 881 483 969 hucusque
497 877 670 968 digestus,
692 878 774 948 irinc
791 878 863 966 iam
881 877 958 948 sine
975 877 1047 948 ulla
1069 877 1142 967 lege
1161 878 1351 967 peragitur.

284 1005 436 1078 ¹Etenim
452 1005 615 1094 scriptor,
632 1011 820 1094 postquam
839 1003 998 1093 quinque
1012 1010 1046 1074 et
1065 991 1186 1094 viginti
1200 1005 1352 1074 virorum

297 1138 332 1202 et
357 1129 544 1202 mulierum
566 1127 758 1198 illustrium
784 1147 840 1199 res
866 1135 982 1218 gestas
1006 1127 1050 1198 ab
1075 1127 1223 1208 adamo,
1254 1129 1354 1219 ‹qrri

296 1252 470 1344 podagrae
506 1250 691 1323 doloribus
728 1257 961 1341 consumptus
1000 1259 1072 1332 est,
1107 1278 1121 1315 r
1163 1270 1277 1342 usque
1309 1250 1355 1323 ad

284 1379 486 1470 Pyramum
502 1383 536 1449 et
552 1377 709 1448 Thisben
726 1377 946 1478 memorarit,
964 1378 1032 1449 tria
1047 1384 1245 1468 praccepta,
1264 1395 1356 1468 quae

297 1509 380 1575 ante
407 1502 527 1573 omnia
558 1501 780 1572 observanda
813 1501 1024 1583 arbitratur,
1059 1500 1187 1581 tradit,
1222 1501 1358 1575 scilicet

297 1633 337 1698 ut
363 1626 544 1724 conclusio
572 1626 690 1717 operis
724 1626 899 1717 principio
923 1644 1064 1717 semper
1092 1633 1280 1717 congruat;
1310 1644 1355 1699 ne

298 1752 378 1844 quis
410 1752 454 1825 de
480 1752 525 1824 iis
553 1770 644 1843 quae
672 1753 811 1844 ignoret
840 1754 1027 1843 loquatur:
1056 1752 1222 1843 nequod
1253 1771 1354 1824 voca·

296 1877 420 1950 hulam
441 1879 477 1949 iu
499 1877 570 1949 fine
592 1875 756 1949 versuum
775 1878 844 1951 sihi
864 1877 982 1968 ipsum
1005 1877 1231 1969 respondeat.

345 2002 523 2089 Quasdam
552 2002 725 2075 dictiones
751 2020 843 2093 quae
869 2004 907 2074 in
935 2003 1109 2094 syllabam
1139 2025 1182 2072 oo
1210 2020 1271 2074 seu
1300 2002 1357 2071 loa

297 2135 427 2201 exeunt
451 2146 612 2218 quasque
637 2128 713 2218 ipse
739 2125 891 2198 vocabas
910 2125 1069 2218 obscuro,
1098 2149 1171 2196 mos
1197 2148 1355 2218 coaoers,
1442 2112 1446 2122 ’

290 2250 475 2346 poetiqaes
506 2272 551 2320 ou
581 2252 713 2320 aoltres
745 2258 861 2331 vocat,
897 2271 962 2322 nos
990 2271 1072 2323 vero
1112 2278 1127 2315 ι
1159 2257 1303 2321 savants
1335 2277 1351 2314 ι

233 2425 236 2433 -
297 2376 462 2458 dicimus,
481 2376 670 2467 proponit;
689 2375 861 2467 quasdam
880 2385 999 2447 autem
1018 2376 1120 2448 aliter
1135 2376 1355 2457 desinentes,

299 2499 506 2593 utspmbola,
517 2499 612 2581 utile,
624 2500 745 2582 utilite,
758 2501 1022 2590 interpretatur.
1039 2501 1176 2586 Quibus
1186 2520 1228 2573 en
1240 2502 1357 2574 verbis

298 2643 370 2697 uon
392 2626 579 2697 minimum
596 2627 747 2698 lruotum
770 2625 849 2698 licet
869 2627 1138 2716 lexicograplms
1155 2626 1282 2716 capiat.

347 2749 434 2822 lnde
459 2768 664 2822 revocamur
683 2749 728 2822 ad
748 2750 887 2823 diversa
906 2751 1025 2842 poesis
1044 2769 1189 2841 genera,
1209 2769 1288 2824 cum
1314 2752 1358 2824 de

299 2873 355 2945 his
382 2873 531 2946 strictim
559 2882 683 2967 agatur
709 2894 800 2966 quae
827 2875 950 2966 gallice
985 2875 1216 2948 nominantur
1243 2901 1252 2946 ι
1287 2874 1358 2946 bal·

298 2995 393 3068 lades
412 2996 580 3082 tombam,
600 2998 738 3069 accolas
761 2998 908 3070 croisees
932 3023 976 3070 ea
1002 2999 1195 3083 balladaat,
1217 2999 1355 3094 fotras,

298 3123 454 3206 cirelar's,
484 3131 600 3194 moleto
624 3124 867 3219 esqaarlelles,
897 3131 1016 3195 motato
1040 3125 1268 3220 imperfecta,
1299 3149 1356 3197 ro·

296 3255 460 3342 troaopes
488 3250 726 3344 esqaartelles,
755 3249 918 3319 roudeoa
947 3250 1052 3320 aduae
1076 3250 1221 3344 syllaba,
1251 3252 1357 3321 arda-

299 3373 456 3446 reserare
476 3375 613 3468 ropale,
635 3373 887 3466 aadcupr‘eres,
910 3373 1063 3444 hellades
1091 3397 1135 3444 aa
1158 3375 1270 3448 cottia.

347 3501 477 3572 lterum
509 3508 585 3572 acta
616 3500 810 3572 illustrium
847 3500 1073 3590 antiquitatis
1102 3501 1271 3592 prolanae
1303 3503 1357 3574 rel

299 3643 419 3697 sacrae
439 3624 593 3696 virorum
616 3627 879 3716 mulierumque
900 3625 1113 3697 referuntur.

348 3750 515 3841 Sequitur
533 3750 641 3823 index
667 3751 729 3840 qui
755 3751 937 3842 complura
968 3751 1079 3822 millia
1109 3751 1358 3822 vocabulorum

299 3875 393 3947 inter
412 3894 450 3948 se
468 3876 742 3949 consonantium
761 3876 931 3958 continet,
955 3895 1106 3967 quorum
1127 3878 1303 3968 permulta
1322 3876 1359 3948 in

301 4000 399 4072 nullo
419 4000 581 4072 invenias
602 4001 789 4092 glossario.

347 4124 482 4198 Deinde
507 4127 708 4216 explanatis
729 4127 843 4199 tribus
875 4127 1083 4199 nominibus
1105 4127 1142 4197 in
1163 4128 1261 4218 poesi
1287 4127 1360 4199 nsi·

301 4250 383 4321 tatis
409 4247 460 4340 (la
486 4249 707 4321 declaration
732 4251 775 4321 de
797 4271 833 4322 ru
852 4273 950 4321 coms
972 4273 1015 4320 ea
1038 4249 1202 4343 poetria),
1226 4251 1362 4323 scilicet

301 4373 445 4466 Atropo,
469 4376 697 4467 Proserpina,
719 4376 913 4459 Mercurio,
935 4375 980 4447 ad
1001 4384 1203 4467 poematum
1225 4375 1360 4476 species

1172 4495 1190 4560 3
