3552 5282
920 663 1081 725 ..55-

471 802 604 893 passim
626 809 765 894 carptae
784 810 889 892 sunt,
912 803 1118 892 collegisse,
1139 809 1174 872 et
1193 801 1394 872 iohannem
1415 801 1527 892 scrip·

471 935 580 1000 torem
619 927 729 998 fuisse
762 925 1096 1006 Lamentatiouum‚
1132 927 1182 997 ita
1215 927 1282 997 hoe
1318 926 1528 1016 praesertim

471 1053 618 1124 minime
631 1053 742 1142 liquet
761 1053 970 1122 alterutrum
986 1051 1174 1142 scripsisse
1194 1058 1229 1122 et
1247 1049 1530 1120 Lamentationes

469 1185 504 1248 et
521 1175 679 1245 Hortum
697 1174 935 1253 Deliciarum.
958 1183 1012 1256 et,
1034 1195 1055 1246 a
1075 1175 1231 1255 iortiori,
1254 1176 1373 1247 Artem
1394 1175 1525 1247 Rheto-

470 1302 563 1374 ricae
579 1301 800 1394 rhythmicae
817 1319 909 1390 quae
927 1296 1195 1416 anteceniam).

518 1427 675 1498 Primum
702 1425 821 1498 editus
849 1433 903 1498 est
930 1423 1067 1494 Hortus
1097 1422 1320 1494 Deliciarum
1348 1445 1445 1497 anno
1474 1427 1527 1498 vei

473 1555 564 1623 1499
584 1552 637 1622 rei
659 1553 764 1630 1500,
784 1569 855 1640 qno
871 1557 1029 1641 tempore
1048 1550 1106 1621 hie
1125 1549 1216 1621 liber
1231 1549 1384 1641 scriptus
1403 1558 1458 1622 est
1471 1552 1526 1622 cui

468 1677 593 1748 titulus
613 1676 679 1747 init
699 1693 790 1758 non,
813 1683 853 1746 ut
871 1677 973 1766 vulgo
990 1675 1183 1756 asseritur,
1205 1673 1322 1744 Fleur
1338 1674 1383 1744 de
1401 1675 1527 1746 Rimto·

468 1800 570 1894 rique
583 1855 591 1882 .
606 1777 672 1873 sed
694 1795 889 1892 Instructif
899 1799 942 1870 de
962 1799 997 1869 lo
1010 1799 1166 1871 Secoude
1184 1798 1427 1893 Rhetorique:

681 2022 720 2076 Ge
736 2021 848 2076 traietie
863 2037 895 2075 se
912 2037 1027 2076 nomme
1041 2020 1195 2076 [astruatis

680 2119 723 2174 De
737 2120 765 2175 la
778 2120 904 2176 seconde
919 2119 1132 2192 Rethorieque‚

680 2216 736 2273 Par
748 2217 918 2274 l’Iniortune
932 2219 1112 2275 constructis.

517 2448 629 2533 Quem
646 2446 789 2517 titulum
810 2445 912 2518 iacile
931 2446 1042 2517 cuins
1061 2446 1248 2537 apparebit
1274 2447 1428 2518 ricinum
1449 2465 1528 2520 esse

468 2573 583 2644 titulis
600 2571 750 2643 duorum
768 2589 913 2662 operum
930 2570 1122 2661 dequibus
1139 2590 1247 2662 supra
1261 2579 1377 2643 actum
1395 2580 1448 2645 est
1460 2569 1523 2665 (t).

468 2744 471 2749 -
516 2699 612 2784 Quos
633 2697 804 2767 hactenus
826 2695 1016 2786 scriptores
1041 2696 1337 2778 memoravimus,
1368 2697 1394 2767 ii
1423 2697 1526 2787 quasi

467 2831 598 2895 temere
613 2830 646 2893 et
663 2821 880 2902 inconsulto,
898 2822 998 2891 nulia
1016 2821 1153 2892 ratione
1172 2820 1349 2902 instituta,
1364 2821 1525 2914 progredi

468 2950 601 3030 solent,
621 2966 699 3018 corn
722 2948 926 3019 summatim
944 2947 1191 3019 tantummodo
1215 2966 1275 3019 eas
1300 2957 1418 3039 partes
1444 2965 1525 3021 con·

464 3075 617 3165 jungant
635 3091 727 3163 qnae
747 3073 840 3143 inter
861 3091 900 3143 se
924 3073 1078 3144 maxime
1104 3091 1297 3164 congruere
1324 3073 1523 3146 rideantur.

469 3199 532 3269 Hic
552 3218 633 3271 rero
653 3198 762 3268 viaet
782 3197 918 3277 ratione
938 3197 1109 3288 procedit,
1131 3205 1171 3269 ut
1189 3198 1289 3270 decet
1308 3199 1524 3288 praecipien-

467 3332 552 3395 tem.
581 3323 683 3395 Liber
709 3323 803 3395 enim
828 3323 1040 3394 lniortunati
1067 3325 1104 3393 in
1139 3323 1254 3413 capita
1289 3321 1460 3394 dividitur
1493 3329 1527 3396 et

467 3450 596 3521 iterum
622 3449 660 3519 in
688 3448 941 3538 paragraphos.
964 3448 1170 3532 Quinimmo
1191 3467 1264 3518 non
1285 3449 1401 3519 solum
1422 3467 1531 3539 opere·

467 3573 660 3664 incipiente
679 3575 869 3662 exponitur
892 3572 978 3643 ordo
1003 3591 1165 3644 summae
1181 3573 1309 3655 totius,
1335 3572 1525 3645 sedetiam

468 3700 595 3789 cuique
616 3698 721 3789 capiti
741 3706 776 3769 et
795 3698 1040 3769 inscribuntur
1057 3705 1175 3789 partes
1193 3699 1356 3788 singulae
1375 3707 1410 3770 et
1429 3699 1526 3770 addi-

499 3993 532 4056 (1)
547 3993 715 4055 Ceteroquin
730 4006 786 4041 non
804 3998 846 4042 est
863 3993 937 4055 quod
953 3993 1021 4042 effici
1036 4005 1093 4040 non
1108 4005 1189 4054 posse
1207 3993 1315 4041 credam
1332 3997 1363 4041 ut
1378 4006 1473 4044 omnes
1488 3993 1526 4042 si-

467 4085 523 4146 mui
539 4084 660 4132 contenti
676 4083 810 4145 evadant,
828 4084 851 4131 si
866 4085 928 4145 quis
943 4083 1096 4132 iohannem
1111 4095 1295 4144 praenomen,
1308 4082 1460 4132 Jordanum
1474 4095 1526 4131 no-

467 4186 543 4232 men,
560 4171 697 4223 Calesium
712 4174 827 4235 originis
841 4175 949 4232 locum,
965 4173 1167 4221 infortunatum
1183 4185 1336 4235 cognomen
1353 4173 1436 4222 unius
1451 4173 1525 4234 eius-

467 4262 529 4311 dem
544 4275 678 4324 personae
693 4275 754 4310 esse
770 4261 951 4312 contenderit.
1438 4319 1442 4326 Ι

500 4351 532 4414 (2)
547 4349 626 4402 Geni.
642 4367 668 4414 p.
684 4351 723 4412 25,
739 4355 835 4413 neptes
850 4355 884 4400 cte
899 4355 924 4400 la
939 4354 1065 4401 seconde
1079 4351 1259 4413 amatorique,
1272 4353 1385 4400 auctore
1403 4349 1525 4412 incerto,

466 4445 494 4489 et
508 4455 534 4504 p.
551 4440 589 4502 36,
605 4443 748 4490 Doctrina!
764 4445 798 4490 cte
813 4445 939 4491 seconde
953 4442 1129 4501 Rhetoricae,
1140 4444 1253 4488 auctore
1268 4439 1395 4490 Baidetto
1405 4439 1522 4492 Herenc.
