3552 5282
897 663 1055 725 ...68-

444 808 478 876 et
503 799 675 881 litterae,
699 819 806 890 quam
828 809 960 872 mutam
982 800 1154 884 dicimus,
1174 797 1390 872 antecedens
1407 815 1506 871 voca·

444 927 568 998 hutum
590 927 758 998 terminat
777 933 811 998 et
830 944 892 1016 pro
914 925 1051 1015 syllaba
1070 924 1233 996 hahetur.

492 1052 578 1142 Cap.
598 1049 639 1122 V.
664 1051 712 1122 [te
732 1050 852 1141 poesis
872 1049 995 1141 figuris
1014 1074 1027 1126 :.

690 1311 796 1383 Figure
810 1320 855 1368 est
869 1309 1055 1384 impropriete

695 1409 846 1466 Liceuoioe
861 1417 888 1466 et
903 1425 1048 1482 aprouvee

690 1507 745 1564 Par
759 1525 795 1564 us
808 1515 837 1564 et
852 1525 903 1580 par
917 1508 1067 1563 auctorite.

490 1779 557 1851 Sex
578 1783 663 1848 suut
677 1773 812 1866 figurae
829 1774 1040 1865 praecipuae
1063 1797 1071 1844 ε
1097 1776 1131 1843 1⁰
1159 1773 1406 1866 synaloepha,
1429 1793 1500 1865 qua

442 1901 559 1974 littera
577 1909 709 1972 mutae
725 1900 762 1970 in
782 1898 854 1972 tino
869 1899 965 1970 verhi
980 1898 1118 1970 detrahi
1139 1907 1269 1990 potest,
1287 1899 1371 1970 dum
1387 1901 1501 1990 prima

441 2027 594 2117 proximi
613 2025 708 2096 vcrhi
732 2025 847 2096 littera
866 2025 996 2095 vocalis
1017 2024 1076 2095 sit.
1096 2062 1140 2074 -
1162 2029 1198 2094 2⁰
1217 2026 1392 2116 syncopa,
1411 2043 1502 2115 quae

441 2152 539 2223 imus
560 2151 598 2221 in
626 2150 796 2222 vocabulo
824 2149 864 2222 fit
897 2173 905 2218 :
934 2148 1192 2242 prodomiment
1219 2169 1282 2240 pro
1305 2148 1501 2242 prodente·

441 2281 547 2358 nuent,
561 2272 735 2366 souefpro
750 2273 861 2367 sones.
879 2314 926 2326 -
943 2277 979 2344 5⁰
994 2273 1172 2365 hpocopa,
1191 2275 1292 2365 cujus
1305 2258 1501 2366 specimina

441 2401 573 2472 habeas
587 2400 691 2494 licet:
711 2399 841 2493 supply
861 2417 923 2491 pro
940 2397 1091 2492 supplem
1112 2420 1188 2481 ono,
1206 2421 1312 2492 paor,
1333 2399 1422 2469 donc
1436 2418 1500 2491 pro

439 2546 605 2618 unoques,
618 2546 751 2617 pauor,
773 2524 956 2618 donoquea
975 2532 1010 2596 et
1025 2525 1108 2595 alia.
1130 2564 1177 2574 -
1196 2528 1233 2595 4⁰
1252 2527 1496 2617 Synunymon.

440 2690 487 2703 -
504 2655 538 2722 5⁰
548 2651 769 2741 aequivocae
786 2650 974 2722 dictiones.
988 2689 1036 2701 -
1050 2652 1085 2720 6⁰
1097 2649 1280 2742 Dialogus,
1302 2652 1403 2741 eujus
1420 2651 1497 2721 hia·
1528 2699 1529 2702 ,

439 2794 508 2848 uus
527 2777 658 2867 Auriga
677 2795 750 2847 non
766 2776 930 2847 inventor
947 2776 1008 2847 sed
1030 2776 1179 2847 antistes
1199 2776 1276 2847 iuit.

487 2901 578 2972 Sunt
595 2908 629 2972 ot
647 2901 738 2973 aiiae
754 2900 908 2992 figurae,
932 2900 995 2972 sed
1015 2901 1082 2972 hae
1106 2901 1315 2992 praecipuae
1342 2900 1408 2973 tihi
1430 2900 1498 2972 sui·

439 3024 574 3096 ticiani.
1431 3112 1434 3118 A

485 3151 570 3240 Cap.
594 3151 651 3220 Vi.
671 3150 802 3222 Versus
825 3151 915 3222 aiios
941 3151 1159 3222 masculinos
1185 3149 1276 3222 aiios
1304 3149 1496 3222 femininos

439 3293 531 3347 esse.

485 3401 569 3492 Cap.
591 3401 664 3472 Vll.
682 3403 736 3471 Ex
759 3420 829 3490 quo
853 3402 1068 3492 syliabarum
1091 3420 1380 3482 numerorersus
1398 3420 1497 3474 cons·

437 3533 511 3599 tare
530 3527 657 3617 possit.

485 3652 570 3743 Cap.
584 3652 674 3722 Viil.
689 3653 850 3737 Quonam
869 3652 973 3723 modo
986 3654 1232 3744 rhythmorum
1249 3653 1385 3744 cupiam
1404 3672 1496 3725 com·
1610 3703 1613 3708 -

437 3796 558 3868 pares:
577 3795 670 3866 quae
686 3777 769 3846 vitia
784 3797 845 3848 eos
861 3778 1045 3868 quaerenti
1065 3777 1231 3868 fugienda
1244 3779 1317 3850 sint
1334 3798 1343 3844 ι
1365 3782 1398 3848 10
1413 3780 1505 3851 Van.

435 3903 521 3974 hum
542 3903 691 3993 simplex
714 3905 909 3992 compositu
937 3903 1112 3982 societur,
1139 3903 1174 3974 si·
1194 3903 1271 3974 heri
1293 3912 1421 3994 potest.
1448 3943 1494 3956 -

435 4029 471 4098 20
498 4029 548 4099 Ne
568 4027 712 4098 verhum
738 4028 793 4098 cui
818 4029 968 4099 aiterum
992 4045 1195 4100 consonans
1221 4047 1294 4100 nou
1316 4029 1490 4111 invenias,

435 4153 554 4244 qualia
573 4151 684 4234 clerc,
710 4152 827 4244 drap,
850 4153 887 4223 in
914 4153 985 4225 tine
1006 4171 1128 4225 versus
1147 4155 1310 4226 colloces.
1332 4193 1380 4205 —
1402 4156 1437 4225 5⁰
1455 4153 1492 4226 Si

435 4278 640 4369 rhythmum
661 4296 734 4349 non
755 4278 928 4368 reperias,
961 4305 976 4342 ‹
1002 4299 1073 4347 nne
1091 4276 1201 4348 bonne
1218 4277 1484 4348 concordando»

433 4403 498 4476 tihi
514 4403 601 4476 satis
622 4401 695 4486 fiat,
713 4402 762 4474 ita
776 4411 813 4475 ut
828 4423 889 4472 roc
905 4421 985 4475 cum
1001 4424 1080 4474 croc
1100 4421 1163 4476 seu
1177 4403 1258 4496 froc
1276 4405 1490 4497 conjungere
