3552 5282
921 618 1101 681 -lll-

475 755 646 848 bieppa‘e,
669 763 794 829 cautus
816 758 944 848 regalis
964 758 1009 830 de
1029 757 1216 830 Nativitate
1233 764 1270 829 et
1287 756 1540 850 assumptione

476 882 607 955 Mariae
626 889 661 954 et
693 883 861 954 Passiune
882 883 1042 963 Christi;
1071 882 1277 969 Ambiauis,
1300 882 1465 954 kalendis
1477 884 1538 973 ‚ia-

474 1008 634 1090 'uuariis
657 1028 729 1100 quo
756 1011 842 1081 anni
864 1017 1041 1100 tempore,
1060 1007 1182 1080 'medio
1196 1027 1305 1092 aero,
1328 1007 1427 1082 sacra
1442 1010 1539 1081 anti·

477 1134 559 1222 quis
580 1133 814 1224 religionibus
833 1134 1092 1225 pollueremus
1111 1142 1205 1216 erat,
1228 1134 1345 1206 cantio
1364 1135 1474 1208 stulta
1495 1133 1539 1206 de

476 1275 614 1339 amore,
638 1273 730 1348 quae
749 1259 873 1349 gallice
895 1279 914 1325 u
938 1263 1023 1329 nette
1048 1279 1257 1328 amooreose
1283 1286 1299 1322 ›
1325 1258 1536 1339 vocabatur,

482 1410 497 1447 ι
517 1381 609 1455 daus
625 1384 779 1474 laquelle
798 1385 879 1474 plns
894 1384 956 1475 ily
971 1404 992 1455 a
1007 1384 1051 1456 de
1067 1391 1142 1456 sols
1163 1391 1255 1459 mots
1270 1392 1305 1456 et
1323 1384 1539 1457 dedirerees

476 1515 510 1579 et
525 1517 707 1599 estranges
723 1508 844 1590 rimes,
857 1509 942 1600 plus
957 1511 1044 1582 elles
1061 1511 1199 1590 valent;
1216 1529 1231 1573 s
1254 1509 1463 1594 bethuniae,
1481 1508 1539 1582 die

476 1632 656 1705 dominica
675 1641 755 1724 post
774 1633 875 1706 diem
896 1634 1026 1708 lestum
1051 1635 1212 1726 corporis
1240 1634 1394 1718 Christi,
1416 1642 1537 1726 pasto·

475 1757 577 1832 ralis.
1154 1767 1160 1778 “

525 1870 690 1955 Palmam
706 1885 839 1975 petenti
855 1893 933 1956 'nou
961 1884 1067 1957 modo
1100 1903 1173 1957 uon
1203 1885 1331 1958 licebat
1360 1885 1405 1957 ab
1433 1903 1537 1978 argu·

475 2015 595 2080 mento
612 2007 761 2100 dlgpedi,
776 2011 1015 2090 seumiuutas
1026 2011 1228 2082 carminum
1247 2010 1378 2082 formas
1394 2029 1539 2102 quoquo

475 2132 582 2204 modo
608 2133 817 2216 immutare,
840 2134 903 2207 sed
930 2136 1036 2207 otiam
1062 2136 1282 2226 quibusnam
1305 2136 1422 2208 verbis
1448 2155 1536 2210 una·

455 2277 639 2362 ¹quaoque
669 2261 838 2333 carminis
866 2261 1014 2351 stropha
1035 2262 1201 2354 incipere
1227 2262 1373 2335 deberet
1401 2261 1536 2334 iudice·

474 2383 582 2456 batur
605 2383 616 2478 (
641 2381 670 2476 ).
1262 2369 1265 2376 ’

523 2511 563 2580 ln
597 2509 670 2582 illis
703 2518 821 2582 autem
858 2509 1133 2592 certaminibus,
1167 2529 1259 2602 qnae
1284 2509 1424 2604 ‚magno
1457 2511 1538 2584 con·

474 2651 580 2706 cursu
601 2635 891 2718 celebrabantur,
913 2635 1021 2707 victor
1035 2653 1207 2706 ‘cornuam
1228 2636 1423 2727 accipiebat
1441 2643 1537 2709 etex

474 2777 515 2830 eu
553 2766 712 2849 tempure
744 2760 848 2831 claris
876 2760 990 2850 poetis
1014 2759 1353 2855 adnumerabatur3
1381 2761 1538 2832 carmina

475 2883 580 2956 otiam
615 2901 708 2974 quae
741 2886 859 2975 palma
892 2883 1000 2976 digna
1021 2884 1188 2974 iudicata
1222 2893 1324 2958 erant
1355 2886 1393 2957 iu
1426 2904 1535 2956 unum

475 3007 746 3100 colligebantur.
768 3012 858 3101 Spes
877 3026 960 3082 veru
982 3011 1140 3083 nominis
1160 3011 1210 3082 ita
1228 3010 1457 3102 adipiscendi.
1476 3011 1538 3082 bo·-

479 3135 593 3206 mines
618 3135 807 3206 mediocris
826 3137 880 3207 rel
901 3135 1037 3208 nullius
1057 3136 1193 3226 ingenii
1214 3136 1387 3210 incitabat
1406 3144 1445 3208 ut
1463 3155 1538 3209 ver·

475 3277 537 3331 sus
562 3259 774 3332 lectitarent.
798 3259 967 3332 Unde'iit
997 3268 1034 3332 ut
1061 3278 1188 3332 omues
1217 3259 1362 3352 poetae,
1390 3239 1471 3343 seu,
1500 3268 1538 3334 ut

476 3386 660 3476 scriptoris
686 3385 832 3458 verbum
861 3385 991 3458 rectius
1019 3405 1154 3459 sunaus
1184 3387 1355 3470 referam,
1384 3381 1537 3459 artifices

476 3511 552 3602 qrri,
573 3519 742 3602 uuquam
766 3531 929 3603 magnam
952 3511 1080 3582 iamam
1102 3512 1195 3584 inter
1214 3514 1383 3604 aequales
1403 3510 1535 3603 adepti,

475 3637 512 3706 iu
538 3636 723 3726 prooemio
744 3635 930 3730 cujusdam
958 3637 1053 3709 Artis
1076 3637 1534 3711 rhetoricaeaduumerau·

475 3769 550 3844 tur,
573 3781 669 3834 nuuc
688 3763 837 3834 omnino
857 3763 969 3853 ignoti
990 3765 1063 3836 sint
1083 3760 1147 3857 (1).

523 3887 599 3958 Nou
628 3887 748 3958 miuus
773 3895 880 3978 atque
900 3889 969 3960 isla
991 3888 1099 3978 podip
1120 3896 1338 3962 momentum
1365 3889 1534 3970 habuere,

474 4012 519 4084 ad
544 4021 703 4084 nostram
730 4013 889 4103 poesim,
917 4015 1097 4105 principes
1124 4013 1207 4105 ipsi.
1235 4015 1262 4086 li
1289 4015 1385 4087 enim
1414 4033 1536 4088 versus

505 4323 537 4387 (1)
553 4323 626 4373 Vide
641 4337 733 4387 supra,
747 4340 774 4388 p.
790 4325 829 4378 70.

503 4411 535 4476 (2)
551 4411 630 4463 Geni.
648 4429 675 4477 p.
689 4413 728 4464 17.
