3584 5286
470 1473 610 1550 rnarrrl
637 1494 688 1548 nu
715 1475 830 1550 n’aur
857 1493 909 1547 aa
936 1469 1185 1558 autuonrouu

539 1751 581 1801 Ex
596 1751 691 1800 codieo
706 1750 767 1802 Bib.
783 1756 849 1808 nat,
865 1754 933 1798 Nou,
950 1755 1026 1810 Aoo„
1044 1748 1111 1804 1869.

349 2056 506 2129 Libellus
533 2056 577 2129 de
603 2075 674 2147 quo
702 2075 797 2127 nune
826 2055 913 2126 milri
942 2053 1164 2126 tractandum
1197 2060 1251 2125 est
1285 2071 1355 2124 non

301 2181 405 2254 modo
431 2181 525 2273 typis
549 2199 621 2252 non
646 2199 836 2272 expressus
861 2186 933 2261 est,
963 2179 1026 2251 sed
1050 2181 1155 2250 etiam
1178 2197 1354 2270 nusquam

299 2306 376 2396 ejus
399 2305 615 2378 mentionem
642 2305 759 2377 adnue
783 2305 916 2376 inveni.
949 2307 1115 2376 Servatus
1142 2313 1196 2376 est
1221 2304 1259 2374 in
1286 2322 1356 2375 uno

299 2429 418 2502 oodieo
448 2448 544 2502 nuno
571 2430 809 2503 Bibliothecae
837 2428 1049 2506 nationalis,
1077 2435 1181 2500 antea
1210 2427 1356 2499 baronis

300 2552 448 2625 Piolron.

348 2677 465 2751 Codex
485 2678 546 2752 ille
565 2679 771 2752 chartaceus
790 2678 857 2750 sub
879 2679 986 2750 linem
1008 2663 1139 2750 saeculi
1158 2677 1274 2769 quinti
1296 2678 1354 2750 de·

251 2812 254 2818 ’
300 2803 380 2876 oimi
397 2805 433 2877 in
451 2806 691 2898 Letharlngia,
710 2804 948 2877 uerisimiliter
965 2804 1002 2875 in
1021 2804 1107 2876 urbe
1122 2804 1357 2877 Mediomatri-

299 2947 434 3013 oorum,
452 2938 617 3003 exaratus
634 2938 710 3011 est;
734 2950 804 3021 qua
819 2948 861 3002 err
882 2929 1024 3020 regione
1042 2949 1123 3002 eum
1142 2937 1257 3002 ortum
1277 2948 1356 3002 esse

299 3052 498 3129 declaratur
517 3063 550 3129 et
569 3056 648 3147 ipso
669 3055 848 3128 scribendi
870 3055 995 3136 modo,
1019 3063 1053 3127 et
1073 3074 1176 3127 uersu
1200 3055 1354 3146 quodam

298 3180 463 3258 henetae,
480 3187 515 3253 et
529 3181 716 3253 nonnullis
731 3179 962 3253 idiomatibus
985 3166 1050 3274 (ll,
1068 3188 1101 3253 et
1118 3180 1223 3272 longo
1245 3182 1357 3253 nomi·

299 3322 385 3376 oum
405 3303 536 3393 indite,
555 3306 630 3397 qui,
646 3323 689 3380 ex
705 3306 866 3397 epistolis
881 3324 902 3376 a
918 3304 1065 3378 scabino
1080 3312 1115 3377 et
1129 3305 1258 3395 juratis
1275 3307 1357 3378 Met·

298 3428 461 3502 tensibus
482 3429 529 3502 ad
552 3430 728 3522 quosnam
748 3429 1015 3521 lotharingieos
1037 3428 1131 3502 uiros
1153 3429 1274 3503 missis
1297 3447 1356 3502 ex·

297 3559 452 3646 eerptus,
469 3555 508 3627 in
525 3554 641 3647 prima
655 3555 785 3647 pagina
802 3553 930 3646 legitur
950 3550 1016 3649 (ἲ).

279 3693 282 3700 ·
346 3679 432 3764 Quis
448 3679 568 3753 Artem
582 3679 682 3753 illam
702 3679 884 3771 scripserit
898 3687 935 3753 et
951 3698 1022 3771 quo
1039 3687 1210 3772 tempore,
1229 3699 1355 3772 quaes·
1438 3739 1440 3744 .

295 3802 347 3876 tio
364 3811 432 3877 est.
450 3804 697 3897 antiquiorem
717 3810 837 3879 tamen
854 3804 973 3878 eodioe
985 3824 1063 3878 eam
1084 3824 1156 3878 noo
1174 3805 1354 3877 existimo.

345 3929 386 4000 ln
397 3929 573 4022 principio
584 3931 748 4022 scriptor,
762 3931 853 4003 siout
863 3936 898 4002 et
908 3929 1121 4003 Eustachius
1137 3928 1181 4003 de
1196 3929 1352 4021 Campis,

297 4052 431 4127 litteras
442 4055 481 4127 in
491 4062 730 4129 consonantes
740 4063 775 4129 et
786 4056 923 4129 rooales
934 4053 1061 4129 dividit
1075 4053 1137 4151 (tl,
1158 4063 1355 4146 teroeptez

338 4282 349 4332 l
374 4283 446 4334 Vide
478 4285 540 4337 ,to

327 4281 362 4434 {l}
373 4372 434 4423 Vtri
446 4297 480 4423 uel
494 4389 563 4438 quos
576 4376 686 4427 litterae
697 4377 797 4428 missae
810 4378 923 4428 luerunt
937 4383 1018 4428 sunt:
1032 4378 1130 4442 lehun,
1141 4383 1231 4431 comte
1243 4379 1277 4430 de
1293 4379 1355 4430 Sal-
