3552 5282
395 1503 447 1559 nn
474 1502 685 1559 ronrrnnn
713 1502 909 1568 oururnro
932 1501 1122 1558 onnsonn.
1148 1501 1199 1556 nn
1223 1499 1378 1556 eunoun
1405 1495 1461 1556 nn'

371 1717 374 1722 .
446 1635 1048 1709 suxnnrn,rnoonrnnncnr1nn
1082 1635 1132 1692 nr
1165 1634 1324 1692 monn
1359 1603 1468 1692 rou?

343 1818 346 1824 .
447 1768 592 1836 ounnrn
619 1769 786 1825 inurens
815 1767 1001 1824 ronrrcrs

445 2108 563 2179 Primo
582 2113 663 2198 post
681 2115 778 2177 anno
799 2123 906 2194 quant
923 2105 1068 2183 librum,
1081 2105 1126 2177 de
1144 2125 1216 2196 quo
1232 2125 1353 2198 supra,
1365 2106 1459 2178 Sibi·
1503 2167 1507 2174 .

398 2233 505 2304 letius
521 2229 694 2315 ediderat,
706 2229 866 2301 toachim
883 2230 927 2301 de
943 2230 1082 2301 Bettaco
1097 2249 1198 2301 suam
1216 2229 1460 2342 Defmsr'ooem

397 2358 434 2424 et
457 2351 737 2423 Illustratr'ooem
760 2352 912 2444 pollicere
940 2353 1087 2444 linquae
1114 2355 1150 2424 in
1172 2354 1355 2445 ponticum
1376 2372 1458 2444 pro·

398 2476 537 2568 posuit,
560 2477 598 2548 in
620 2496 691 2566 qua
710 2496 827 2549 mores
847 2496 868 2548 a
887 2477 1069 2568 prioribus
1094 2479 1208 2569 poetis
1234 2476 1356 2550 traditi
1382 2495 1459 2549 orn·

399 2604 487 2673 nino
520 2602 768 2692 repudiantur.
799 2605 892 2674 Haec
920 2602 986 2673 tuit
1020 2621 1115 2674 mors
1148 2602 1294 2694 gallicae
1326 2603 1463 2693 priscae

399 2727 533 2816 poesis.
562 2727 719 2802 Fuerunt
746 2745 833 2797 sane
859 2727 920 2814 qui
952 2725 1123 2816 pristinas
1158 2726 1355 2799 carminum
1389 2727 1460 2797 ior·

400 2865 478 2919 mas
508 2847 699 2920 defendere
732 2857 966 2929 conarentur,
1001 2849 1064 2922 sed
1100 2851 1191 2921 nihil
1224 2851 1460 2941 proiecerunt.

401 2972 498 3043 inter
531 2988 657 3042 omnes
691 2972 871 3052 Fortuna,
906 2972 1027 3044 libello
1059 2974 1115 3044 cui
1149 2974 1291 3045 titutum
1324 2971 1462 3052 Quinti-

402 3092 490 3162 tium
514 3090 703 3168 censorem
728 3095 934 3184 inscripsit,
958 3094 1168 3190 Defensiont'
1190 3097 1376 3187 respondit
1398 3095 1462 3190 (1).
1565 3087 1574 3102 ’

396 3220 564 3289 -Fontana
588 3219 747 3290 toachirn
773 3219 932 3309 increpat
952 3220 1048 3310 quod
1069 3221 1242 3312 iniuriose
1267 3230 1302 3296 et
1330 3224 1466 3314 ingrate

403 3341 582 3412 inscitiam
614 3342 811 3433 majoribus
840 3343 1001 3434 objiciat,
1025 3344 1087 3434 qni
1107 3352 1225 3418 tamen
1253 3366 1318 3419 nec
1337 3347 1465 3430 rudes,

405 3483 471 3536 nec
492 3465 689 3537 litterarum
712 3473 873 3556 expertes
898 3467 1053 3548 tuerint;
1077 3468 1187 3541 irnroo
1212 3469 1364 3543 affirmat
1382 3473 1466 3544 Wit-

405 3589 552 3661 ieimum
586 3589 631 3660 de
651 3590 787 3670 torris,
809 3590 1008 3690 iohannem
1039 3591 1083 3664 de
1102 3588 1225 3675 Meu'n,
1248 3596 1467 3668 Wittetmunr

405 3711 733 3798 AlexisNicotaurn
746 3715 1465 3809 Orosius,Atanurnnurigarnttiitonern,

407 3836 681 3923 Meschinotturn
707 3845 742 3909 et
764 3839 939 3928 pturirnos
964 3841 1151 3913 aliusnon
1176 3844 1296 3914 minus
1323 3845 1466 3936 elegan-

438 4104 472 4168 (i)
487 4109 537 4154 Art
552 4107 683 4166 poetique
702 4110 828 4172 {conpote
843 4122 918 4168 pour
936 4112 1128 4158 t'tnstruett'ort
1149 4113 1198 4159 des
1213 4113 1315 4170 jannes
1334 4115 1469 4162 studteux

409 4197 435 4242 et
450 4187 535 4242 encor
548 4208 604 4254 peu
619 4209 739 4245 aoanccz
758 4211 794 4245 ert
809 4201 835 4246 ta
853 4201 949 4257 poesie
963 4200 1113 4262 (rancoise.
1128 4203 1202 4250 Avec
1218 4203 1241 4248 tc
1256 4203 1364 4258 Quintil
1379 4207 1469 4255 Hora-

409 4283 470 4330 tiart
483 4295 534 4330 sur
550 4285 575 4331 ta
591 4286 703 4342 defense
718 4289 744 4333 et
759 4288 934 4335 illustratton
950 4290 983 4335 dc
995 4289 1020 4335 te
1033 4290 1136 4348 tanyue
1151 4291 1300 4353 sranpotse.
1315 4290 1402 4340 Paris.
1415 4291 1469 4342 Par

407 4369 434 4418 le
444 4370 543 4421 veuive
552 4370 622 4423 Jeen
633 4372 729 4422 Ruelie
739 4387 789 4423 rue
799 4373 826 4424 S.
836 4373 956 4437 Jacques
968 4389 984 4424 a
994 4375 1144 4441 I'enseigne
1157 4376 1253 4428 Sainct
1266 4378 1387 4430 Niooias.
1400 4380 1468 4435 1573.
