3584 5286
297 1727 529 1800 nocrimen,
561 1709 676 1782 L'nnr
704 1725 752 1781 er
781 1725 940 1782 serenes
966 1723 1017 1778 ne
1045 1705 1294 1792 onerosiora

315 2081 411 2152 inter
437 2078 539 2150 Artes
565 2076 771 2149 Rhetoricae
794 2076 1015 2168 rhythmicae
1041 2077 1167 2167 quinto
1191 2076 1328 2149 decimo

267 2205 407 2276 saeculo
428 2204 591 2294 scriptas,
614 2203 753 2275 videtur
768 2221 841 2274 nna
855 2209 937 2274 ante
955 2220 1080 2273 ornnes
1100 2209 1197 2274 nota.
1219 2201 1332 2273 Nini-

267 2324 345 2399 rnrn
383 2327 526 2418 saepius
562 2330 694 2400 mentio
727 2327 820 2399 iacta
853 2333 907 2400 est
938 2327 1031 2398 hrtis
1065 2327 1249 2418 cujusdam
1284 2329 1330 2397 ah

269 2454 419 2525 Henrico
439 2453 483 2524 de
504 2455 595 2544 Croy
615 2454 844 2543 compositae.
867 2454 920 2524 Me
942 2451 1085 2542 quidern
1105 2452 1328 2542 fugiturum

268 2577 442 2649 Henricus
464 2578 516 2649 de
548 2579 638 2668 Croy
661 2589 827 2667 'cinquanr
860 2577 984 2646 vixerit
1006 2564 1053 2648 'an
1084 2595 1175 2656 non,
1208 2595 1328 2648 vcrnrn

267 2701 424 2787 affirmo,
448 2721 566 2793 neque
586 2703 738 2793 injuria,
762 2702 902 2793 opinor,
926 2702 970 2772 ah
991 2721 1032 2773 eo
1052 2703 1188 2773 nniiarn
1211 2704 1328 2774 Artem

269 2830 476 2901 Rhetoricae
491 2829 602 2900 inisse
619 2829 807 2918 scriptam
826 2837 959 2899 certam
976 2835 1029 2898 est
1048 2828 1171 2899 saitern
1194 2827 1328 2898 noiiarn

269 2963 409 3027 exstare
425 2973 533 3046 quarn
553 2955 604 3025 iiii
624 2955 704 3045 jure
724 2955 892 3044 imputes.

319 3075 463 3170 Ulysses
488 3078 672 3150 Cheraiier
700 3076 747 3172 (1)
771 3079 954 3150 contendit
974 3079 1117 3169 quidem
1140 3079 1330 3151 Henricurn

270 3203 314 3276 de
342 3205 433 3296 Croy
459 3213 552 3276 artes
582 3205 748 3276 docuisse
773 3205 932 3277 Parisios
957 3211 1039 3276 ante
1064 3223 1198 3275 annunt
1224 3207 1329 3275 rita.

270 3328 369 3398 iliam
388 3337 506 3400 autern
525 3327 796 3401 affirmationem
820 3349 891 3401 non
910 3331 991 3402 iicet
1010 3329 1153 3402 haurias
1171 3347 1212 3400 ex
1234 3337 1334 3420 qnat-

270 3458 350 3524 inor
370 3452 529 3525 iontihus
550 3454 594 3525 ah
619 3474 660 3524 eo
681 3455 855 3535 laudatis,
883 3453 1053 3544 equibus
1074 3454 1332 3524 nihilomnino

270 3577 314 3648 dc
338 3578 381 3649 de
407 3579 496 3670 Croy
523 3579 651 3651 disces.
678 3580 777 3665 Qood
806 3598 936 3650 nornen
963 3579 1142 3670 cognitum
1171 3586 1225 3650 cst
1253 3587 1332 3649 tan-

270 3710 344 3774 turn
368 3704 452 3793 qnia
471 3705 652 3776 invenitur
674 3706 711 3776 in
735 3706 882 3797 prologo
903 3705 1012 3776 unies
1041 3724 1083 3775 er
1113 3703 1333 3776 editionibus

270 3827 365 3899 Artis
399 3829 583 3918 cuiusdam
612 3831 708 3921 typis
738 3848 941 3920 expressae.
974 3830 1104 3898 Harnnr
1135 3827 1331 3899 editionum

271 3955 386 4043 prirna
418 3953 543 4024 Caroio
576 3955 652 4024 Vlll
691 3955 852 4026 dedicata
886 3963 956 4032 ost,
992 3954 1053 4043 qui
1087 3961 1247 4024 mortens
1281 3960 1334 4024 cst

272 4097 366 4150 anno
391 4081 505 4160 ilii&
528 4053 624 4151 unde
644 4081 723 4150 sine
742 4079 851 4150 duhio
873 4065 1000 4149 iactum
1023 4085 1076 4149 est
1096 4085 1134 4148 ut
1152 4077 1334 4149 Chevaiier
1378 4176 1379 4181 Ἰ

273 4203 496 4275 contenderit
527 4205 718 4276 Henricnrn
753 4204 795 4276 de
827 4203 918 4294 Croy
950 4211 1032 4274 ante
1066 4203 1166 4273 ilium
1199 4220 1333 4272 annurn

304 4497 336 4562 (i)
351 4498 510 4557 nepai-tone
524 4501 572 4547 des
587 4511 700 4548 sources
716 4500 886 4559 historiques
902 4501 940 4547 du
957 4509 1058 4557 moyen
1074 4497 1131 4556 ricc.
1218 4518 1221 4525 ·
