3552 5282
716 631 894 694 -103-

274 774 326 840 ter
344 767 429 839 olim
452 787 518 840 sua
537 769 696 860 ipsorum
718 770 839 862 lingua
859 790 965 861 quarn
993 791 1059 844 nos
1090 791 1186 844 utino
1214 781 1335 844 nostra

274 891 463 982 scripsisse
483 916 498 991 :-
527 895 655 984 ‹Trop
685 894 964 986 uosdaigueuse‚
992 897 1131 987 inquit,
1161 905 1215 969 est
1242 904 1335 969 ueste

146 1029 149 1034 ’
273 1015 498 1087 exhortation
516 1014 560 1088 de
577 1017 703 1089 laisser
720 1019 772 1090 les
791 1019 926 1092 vieilles
946 1020 1086 1109 poesies
1106 1040 1175 1091 aux
1197 1021 1335 1092 floraux

220 1150 222 1154 ’
274 1138 319 1210 de
338 1138 491 1212 tuoloso
510 1147 544 1212 et
567 1160 638 1212 aux
665 1142 744 1231 puis
765 1142 808 1214 ule
835 1144 972 1214 Rouao.
998 1145 1063 1215 Par
1082 1145 1237 1234 laquelle
1256 1151 1335 1234 trop

274 1263 428 1354 superbe
444 1263 674 1336 dehortation
703 1273 784 1336 sont
805 1265 1051 1356 indignement
1075 1275 1109 1339 et
1136 1274 1214 1358 trop
1237 1287 1333 1340 arro-

273 1393 454 1476 ganniant
486 1386 670 1476 ueprisees
699 1389 792 1460 deux
821 1387 892 1488 tries
922 1391 1048 1462 nobles
1077 1392 1216 1464 choses,
1243 1395 1337 1464 Doni

275 1511 372 1582 l’uuo
391 1518 445 1583 est
471 1509 701 1584 l’iustituiion
721 1515 896 1586 ancienne
915 1533 958 1586 en
984 1515 1077 1586 deux
1104 1513 1176 1588 tr'es
1197 1517 1337 1590 bounes

275 1633 376 1708 villos
397 1635 441 1707 de
465 1637 598 1708 Franco
618 1637 662 1709 de
683 1638 874 1709 l’lrouueur
893 1639 1048 1711 attribue
1066 1658 1113 1710 au
1132 1639 1252 1712 mieux
1272 1639 1335 1711 iai·

274 1777 377 1840 saus,
400 1778 490 1850 pour
510 1761 712 1833 l’entretien
733 1762 865 1834 eternel
887 1761 931 1835 de
949 1763 982 1832 la
1000 1764 1122 1853 poesie
1141 1763 1333 1856 lranooise‚

270 1883 397 1973 jouxte
421 1885 453 1957 le
484 1885 655 1975 proverbe
680 1910 688 1955 :
712 1886 917 1958 L'lrouneur
941 1887 1081 1959 nourrii
1105 1887 1156 1960 les
1182 1906 1254 1959 ars.
1276 1888 1336 1958 Tel

274 2027 344 2098 que
358 2007 453 2099 iadis
472 2009 525 2080 lut
544 2027 589 2081 en
606 2007 726 2090 Graue,
744 2029 782 2082 es
799 2011 1046 2102 Olympiques,
1066 2018 1101 2083 et
1117 2030 1138 2081 a
1156 2012 1278 2092 Rome.
1298 2029 1336 2083 es

270 2132 354 2221 jeux
373 2133 581 2224 publiques.
606 2135 745 2206 L'autre
771 2141 825 2206 est
854 2135 1079 2206 l’exoelleuoe
1108 2143 1143 2223 et
1169 2136 1336 2207 noblesse

274 2256 317 2342 de
335 2275 403 2340 nou
423 2254 567 2346 poernes
589 2258 639 2328 les
660 2259 741 2347 plus
762 2258 876 2328 heaut
897 2259 1002 2330 elles
1029 2260 1110 2348 plus
1130 2258 1333 2340 artificiolo,

274 2399 411 2456 comme
439 2363 642 2464 routleaux,
672 2383 839 2466 balades
867 2384 978 2454 olrans
999 2402 1151 2474 royaux‚
1174 2363 1333 2465 virelaiz‚

275 2507 431 2596 lesquelz
452 2515 491 2578 tu
511 2525 673 2578 nommes
693 2526 757 2598 par
775 2507 919 2578 terrible
937 2507 1148 2578 translation
1165 2506 1336 2596 espioerie

274 2640 499 2722 rorrornpaut
519 2631 552 2703 le
577 2639 699 2722 goust,
722 2633 783 2721 qui
805 2631 991 2703 touteslois
1018 2650 1061 2703 en
1087 2639 1184 2704 toute
1204 2631 1336 2721 periec-

274 2755 349 2826 tion
371 2755 463 2828 tl’art
481 2763 516 2827 et
537 2755 757 2828 tl'inrenliou
783 2757 953 2828 excedent
974 2763 1026 2828 tes
1046 2757 1162 2828 heaux
1187 2762 1336 2828 sonuetz

275 2885 308 2950 ot
323 2878 409 2950 odes
425 2875 490 2973 (l).
506 2907 521 2943 ι
542 2881 663 2970 Neque
679 2880 809 2970 pietate
826 2880 930 2951 ruodo
944 2899 1025 2972 erga
1041 2881 1192 2970 majores
1206 2898 1339 2970 genera

275 3003 393 3094 poesis
420 3003 464 3074 ah
491 3003 536 3074 ils
563 3013 705 3094 aooeptn
733 3011 867 3084 tuetur,
898 3003 961 3076 sed
983 3004 1033 3075 oo
1057 3005 1152 3075 hano
1175 3021 1335 3094 praeser-

275 3128 337 3199 tirn
359 3147 502 3200 sarisam
523 3127 619 3218 quod
639 3136 673 3199 et
695 3127 772 3218 ipse
792 3146 834 3199 ea
854 3135 952 3200 tanto
979 3128 1183 3219 pulchriora
1200 3128 1336 3218 judicat

274 3271 345 3340 quo
367 3251 566 3324 subtilioris
584 3267 713 3342 operae
730 3259 827 3323 sunt.
850 3253 948 3323 ilaue
962 3251 1171 3342 opinionem
1192 3269 1264 3322 uon
1281 3270 1335 3322 se·

274 3377 342 3448 rnel
373 3376 540 3466 exprimit
556 3395 572 3468 3.
597 3377 708 3447 iururo
733 3376 891 3447 loaolriul
920 3376 1061 3447 iuousal
1088 3374 1184 3464 quod
1214 3376 1335 3465 aequi·

274 3519 377 3572 rocos
393 3500 583 3591 rhythmos·
599 3509 744 3591 propter
764 3499 1009 3572 difficultatem
1030 3508 1187 3590 respuat.

322 3623 417 3694 Nihil
445 3641 526 3694 vero
547 3643 674 3695 causae
696 3624 841 3714 proiecit
862 3623 1099 3714 patrocinium
1129 3643 1150 3693 a
1175 3626 1335 3694 lontano
1382 3704 1384 3708 .

273 3756 476 3837 susceptum
497 3771 505 3828 ;
529 3755 665 3818 tanturn
691 3735 785 3819 euim
801 3735 993 3818 'fastidium
1014 3747 1215 3828 Crettinus,
1239 3747 1336 3818 Moli-

275 3877 406 3955 nettus‚
427 3870 703 3952 Meschiuotlus‚
726 3872 917 3941 Gratianus
943 3871 1077 3960 aliique
1097 3869 1256 3959 eiusdem
1279 3888 1335 3960 ge·

275 3994 371 4066 neris
404 3995 595 4084 scriptores
628 3996 850 4076 attulerant;
884 4000 982 4066 tauto
1018 4013 1187 4066 novarum
1217 4013 1335 4065 rerum

275 4117 393 4190 studio
413 4136 538 4190 ornnes
560 4117 750 4199 ardebant,
775 4125 812 4189 ut
837 4119 935 4189 nulla
957 4119 1030 4208 jorn
1054 4118 1142 4189 ratio
1162 4117 1336 4208 impedire

304 4399 337 4462 (l)
352 4398 441 4462 Pagos
454 4395 571 4448 220-221.
