3552 5282
733 642 892 704 -itb-

284 798 355 851 nou
372 779 526 852 dubites.
547 821 589 830 -
610 784 648 851 i⁰
667 780 867 852 Probabilis
884 767 1062 853 sententia
1074 788 1127 853 est
1142 798 1264 852 eorum
1281 780 1342 870 qui

282 904 452 977 rooabuia
481 904 605 978 eodem
637 925 726 977 sono
758 907 821 978 sed
852 906 957 976 uariis
987 907 1114 977 iiiteris
1141 905 1343 977 desinentia

282 1030 500 1103 consociant.
522 1071 564 1083 -
590 1032 849 1103 alterationes
868 1031 967 1122 iuge,
985 1031 1055 1102 uisi
1080 1031 1342 1122 quinquaginta

282 1174 404 1228 versus
421 1157 472 1228 roi
495 1157 575 1246 pius
593 1156 831 1228 interfuerint.
855 1196 901 1208 -
919 1159 954 1226 6⁰
977 1156 1123 1228 hbstine
1143 1175 1163 1226 a
1182 1154 1342 1227 dictioni*

281 1281 350 1352 bus
370 1281 526 1353 insolitis
547 1301 608 1354 seu
629 1283 822 1353 arcessitis.
844 1322 892 1332 —
910 1283 947 1348 7⁰
977 1281 1066 1354 Care
1093 1300 1138 1352 no
1165 1280 1342 1352 Picardioo

283 1424 380 1477 more
413 1406 636 1497 diphthongo
666 1407 816 1497 simplex
848 1407 976 1477 vooaiis
1008 1407 1211 1486 maritetur,
1239 1414 1278 1477 ut
1311 1405 1341 1476 si

282 1529 385 1600 deire
420 1549 499 1603 oum
537 1531 628 1612 cire,
666 1531 762 1600 tiana
799 1550 877 1604 oum
914 1534 1090 1623 gradiendo
1121 1531 1264 1622 jungas.
1297 1567 1343 1581 -

284 1659 374 1728 80-90
401 1657 451 1729 Ne
478 1676 624 1750 sensum
654 1658 819 1748 rhythmo
849 1657 1019 1749 subjicias
1053 1675 1140 1730 neve
1172 1655 1342 1727 inanibus

283 1781 400 1854 verbis
419 1783 544 1854 utaris.

332 1908 416 1998 Cap.
436 1909 496 1978 iii.
524 1933 540 1973 u
564 1909 614 1980 Do
633 1907 811 1980 ooioribus
831 1916 866 1980 et
883 1906 1068 1998 speciebus
1090 1905 1297 1978 rhetoricae.
1321 1931 1336 1968 r

283 2033 547 2103 Enumerantur
562 2032 685 2124 viginti
701 2033 947 2124 rhythmorum
966 2031 1115 2122 speeies,
1129 2050 1220 2122 quae
1236 2037 1341 2102 suut:

334 2159 368 2226 i⁰
388 2157 567 2228 Leonibus
589 2158 790 2249 rhythmus.
813 2157 871 2228 Sie
893 2155 997 2250 (rima
1017 2153 1163 2248 laoniae)
1190 2155 1342 2226 iniortu·

220 2364 223 2370 ¹
283 2288 388 2352 natos
423 2290 521 2353 vooat
552 2301 657 2371 quem
691 2282 828 2372 priores
863 2283 1051 2372 scriptores
1083 2281 1206 2371 gaiiiee
1236 2278 1345 2348 rimas

283 2404 469 2478 doublettes
501 2408 786 2497 appeiiarernnt‚
825 2425 887 2499 ego
921 2425 1002 2479 vero
1035 2405 1145 2478 iatine
1171 2402 1344 2496 darpiicem

282 2529 493 2623 rhythmum
528 2531 738 2626 nominavi3
765 2551 870 2622 quem
901 2539 1017 2602 autem
1053 2531 1105 2601 iiii
1137 2531 1341 2634 leoninum,

284 2663 406 2727 noster
426 2656 646 2728 leoninatum
669 2663 779 2728 vocat.

335 2784 370 2852 2⁰
387 2780 571 2853 eruciatus
587 2781 796 2873 rhythmus,
819 2783 920 2873 ouius
940 2800 1001 2854 ser
1022 2788 1107 2853 sunt
1127 2779 1237 2851 modi.

336 2910 371 2977 5⁰
389 2895 607 2988 iiondeiius,
630 2907 730 2998 eujus
750 2926 810 2979 serr
832 2907 966 2998 figurae
990 2906 1284 2987 adnumerantur,
1307 2911 1346 2976 ut

287 3031 460 3122 oujmque
481 3030 594 3120 prima
614 3033 761 3122 stropha
780 3051 821 3103 en
843 3032 997 3114 duobus,
1015 3031 1144 3112 tribus,
1163 3036 1343 3120 quattuor,

288 3157 467 3247 quinque,
490 3176 550 3228 sex
578 3165 639 3230 aut
666 3165 800 3248 septem
828 3158 989 3230 versibus
1013 3165 1175 3241 oonstet3
1201 3155 1347 3245 stropha

287 3289 404 3353 autem
426 3291 561 3372 septem
583 3301 705 3354 versus
725 3283 856 3355 habere
876 3290 1009 3374 potest,
1032 3283 1061 3354 si
1087 3281 1186 3373 rapae
1209 3287 1270 3352 aut
1291 3277 1345 3346 vi-

286 3405 428 3500 rotagae
461 3416 532 3490 est,
564 3407 599 3480 id
630 3416 684 3480 est
711 3409 740 3478 si
770 3408 991 3499 longioribus
1018 3407 1198 3480 breuiores
1226 3423 1348 3477 versus

288 3533 388 3604 nristi
418 3541 522 3617 sunt3
546 3552 617 3623 qua
643 3533 755 3604 iorma
783 3534 917 3630 dianus
941 3534 1070 3624 Auriga
1098 3533 1236 3623 primus
1260 3548 1347 3602 usus

286 3665 352 3728 ost.
369 3659 576 3749 Sequuntur
591 3659 786 3749 specimina
802 3658 1042 3756 rondeiiorum
1059 3657 1177 3728 omnis
1193 3655 1345 3748 generis

334 3786 372 3852 i⁰
393 3783 629 3873 Retrogradus
646 3785 833 3874 rhythmus
850 3784 979 3856 dieitur
992 3802 1069 3854 oum
1084 3782 1248 3853 nitimum
1266 3797 1348 3869 poe·

288 3908 391 3979 matis
406 3925 546 3978 vorsum
565 3909 639 3979 ioco
661 3908 780 3999 primi,
795 3908 1031 3999 ponuitimum
1048 3909 1123 3978 ioco
1140 3903 1286 3978 secundi
1304 3903 1349 3974 ie·

150 4040 153 4045 '
287 4050 366 4123 gere
391 4039 509 4122 potes,
532 4039 566 4103 et
587 4051 700 4122 usque
721 4031 766 4103 ad
792 4033 945 4122 primum
969 4032 1108 4103 inverso
1131 4031 1181 4101 sio
1200 4027 1344 4106 ordine,

289 4165 426 4230 serrato
448 4165 565 4230 tamen
586 4159 740 4248 qrrodam
763 4177 894 4240 sensu,
918 4156 1123 4248 retrogradi.

340 4286 375 4353 5⁰
406 4279 588 4375 Obapelat.
623 4283 719 4355 Nihii
754 4283 851 4354 aiiud
884 4290 938 4355 est
965 4300 1071 4372 quam
1108 4280 1238 4370 dupierr
1268 4295 1350 4350 rou·

291 4405 420 4480 deiius.
